%YAML 1.1
%TAG !u! tag:unity3d.com,2011:
--- !u!1001 &100100000
Prefab:
  m_ObjectHideFlags: 1
  serializedVersion: 2
  m_Modification:
    m_TransformParent: {fileID: 0}
    m_Modifications: []
    m_RemovedComponents: []
  m_ParentPrefab: {fileID: 0}
  m_RootGameObject: {fileID: 1662307389219126}
  m_IsPrefabParent: 1
--- !u!1 &1001725496473602
GameObject:
  m_ObjectHideFlags: 1
  m_PrefabParentObject: {fileID: 0}
  m_PrefabInternal: {fileID: 100100000}
  serializedVersion: 5
  m_Component:
  - component: {fileID: 4934144464625518}
  m_Layer: 14
  m_Name: joint8 5
  m_TagString: Untagged
  m_Icon: {fileID: 0}
  m_NavMeshLayer: 0
  m_StaticEditorFlags: 0
  m_IsActive: 1
--- !u!1 &1003143182475032
GameObject:
  m_ObjectHideFlags: 1
  m_PrefabParentObject: {fileID: 0}
  m_PrefabInternal: {fileID: 100100000}
  serializedVersion: 5
  m_Component:
  - component: {fileID: 4218516128024434}
  m_Layer: 14
  m_Name: joint11 5
  m_TagString: Untagged
  m_Icon: {fileID: 0}
  m_NavMeshLayer: 0
  m_StaticEditorFlags: 0
  m_IsActive: 1
--- !u!1 &1031727310865228
GameObject:
  m_ObjectHideFlags: 1
  m_PrefabParentObject: {fileID: 0}
  m_PrefabInternal: {fileID: 100100000}
  serializedVersion: 5
  m_Component:
  - component: {fileID: 4568972750064114}
  m_Layer: 14
  m_Name: joint12 5
  m_TagString: Untagged
  m_Icon: {fileID: 0}
  m_NavMeshLayer: 0
  m_StaticEditorFlags: 0
  m_IsActive: 1
--- !u!1 &1042857085486870
GameObject:
  m_ObjectHideFlags: 1
  m_PrefabParentObject: {fileID: 0}
  m_PrefabInternal: {fileID: 100100000}
  serializedVersion: 5
  m_Component:
  - component: {fileID: 4327042133152120}
  m_Layer: 14
  m_Name: joint42
  m_TagString: Untagged
  m_Icon: {fileID: 0}
  m_NavMeshLayer: 0
  m_StaticEditorFlags: 0
  m_IsActive: 1
--- !u!1 &1065193848267352
GameObject:
  m_ObjectHideFlags: 0
  m_PrefabParentObject: {fileID: 0}
  m_PrefabInternal: {fileID: 100100000}
  serializedVersion: 5
  m_Component:
  - component: {fileID: 4684682697927620}
  m_Layer: 14
  m_Name: joint43
  m_TagString: Untagged
  m_Icon: {fileID: 0}
  m_NavMeshLayer: 0
  m_StaticEditorFlags: 0
  m_IsActive: 1
--- !u!1 &1108521159966844
GameObject:
  m_ObjectHideFlags: 1
  m_PrefabParentObject: {fileID: 0}
  m_PrefabInternal: {fileID: 100100000}
  serializedVersion: 5
  m_Component:
  - component: {fileID: 4423407839616832}
  m_Layer: 14
  m_Name: joint9 4
  m_TagString: Untagged
  m_Icon: {fileID: 0}
  m_NavMeshLayer: 0
  m_StaticEditorFlags: 0
  m_IsActive: 1
--- !u!1 &1111656038197654
GameObject:
  m_ObjectHideFlags: 1
  m_PrefabParentObject: {fileID: 0}
  m_PrefabInternal: {fileID: 100100000}
  serializedVersion: 5
  m_Component:
  - component: {fileID: 4319422555673558}
  m_Layer: 14
  m_Name: joint8 4
  m_TagString: Untagged
  m_Icon: {fileID: 0}
  m_NavMeshLayer: 0
  m_StaticEditorFlags: 0
  m_IsActive: 1
--- !u!1 &1112410766437354
GameObject:
  m_ObjectHideFlags: 1
  m_PrefabParentObject: {fileID: 0}
  m_PrefabInternal: {fileID: 100100000}
  serializedVersion: 5
  m_Component:
  - component: {fileID: 4796238545901130}
  m_Layer: 14
  m_Name: joint41
  m_TagString: Untagged
  m_Icon: {fileID: 0}
  m_NavMeshLayer: 0
  m_StaticEditorFlags: 0
  m_IsActive: 1
--- !u!1 &1120742444593482
GameObject:
  m_ObjectHideFlags: 0
  m_PrefabParentObject: {fileID: 0}
  m_PrefabInternal: {fileID: 100100000}
  serializedVersion: 5
  m_Component:
  - component: {fileID: 4051990954837794}
  m_Layer: 14
  m_Name: joint50
  m_TagString: Untagged
  m_Icon: {fileID: 0}
  m_NavMeshLayer: 0
  m_StaticEditorFlags: 0
  m_IsActive: 1
--- !u!1 &1125684519574120
GameObject:
  m_ObjectHideFlags: 1
  m_PrefabParentObject: {fileID: 0}
  m_PrefabInternal: {fileID: 100100000}
  serializedVersion: 5
  m_Component:
  - component: {fileID: 4845519867618948}
  m_Layer: 14
  m_Name: joint5 2
  m_TagString: Untagged
  m_Icon: {fileID: 0}
  m_NavMeshLayer: 0
  m_StaticEditorFlags: 0
  m_IsActive: 1
--- !u!1 &1129128054996710
GameObject:
  m_ObjectHideFlags: 1
  m_PrefabParentObject: {fileID: 0}
  m_PrefabInternal: {fileID: 100100000}
  serializedVersion: 5
  m_Component:
  - component: {fileID: 4879551260205286}
  m_Layer: 14
  m_Name: joint4 1
  m_TagString: Untagged
  m_Icon: {fileID: 0}
  m_NavMeshLayer: 0
  m_StaticEditorFlags: 0
  m_IsActive: 1
--- !u!1 &1132730402583144
GameObject:
  m_ObjectHideFlags: 1
  m_PrefabParentObject: {fileID: 0}
  m_PrefabInternal: {fileID: 100100000}
  serializedVersion: 5
  m_Component:
  - component: {fileID: 4398730393230456}
  m_Layer: 14
  m_Name: joint45
  m_TagString: Untagged
  m_Icon: {fileID: 0}
  m_NavMeshLayer: 0
  m_StaticEditorFlags: 0
  m_IsActive: 1
--- !u!1 &1184730288279596
GameObject:
  m_ObjectHideFlags: 1
  m_PrefabParentObject: {fileID: 0}
  m_PrefabInternal: {fileID: 100100000}
  serializedVersion: 5
  m_Component:
  - component: {fileID: 4111182719537054}
  m_Layer: 14
  m_Name: joint11 2
  m_TagString: Untagged
  m_Icon: {fileID: 0}
  m_NavMeshLayer: 0
  m_StaticEditorFlags: 0
  m_IsActive: 1
--- !u!1 &1185703135604666
GameObject:
  m_ObjectHideFlags: 1
  m_PrefabParentObject: {fileID: 0}
  m_PrefabInternal: {fileID: 100100000}
  serializedVersion: 5
  m_Component:
  - component: {fileID: 224054263174097930}
  - component: {fileID: 222337492612229086}
  - component: {fileID: 114307039311495780}
  m_Layer: 0
  m_Name: Badge
  m_TagString: Untagged
  m_Icon: {fileID: 0}
  m_NavMeshLayer: 0
  m_StaticEditorFlags: 0
  m_IsActive: 1
--- !u!1 &1186412871108978
GameObject:
  m_ObjectHideFlags: 1
  m_PrefabParentObject: {fileID: 0}
  m_PrefabInternal: {fileID: 100100000}
  serializedVersion: 5
  m_Component:
  - component: {fileID: 4212859843584078}
  m_Layer: 14
  m_Name: joint3 2
  m_TagString: Untagged
  m_Icon: {fileID: 0}
  m_NavMeshLayer: 0
  m_StaticEditorFlags: 0
  m_IsActive: 1
--- !u!1 &1193272349770876
GameObject:
  m_ObjectHideFlags: 1
  m_PrefabParentObject: {fileID: 0}
  m_PrefabInternal: {fileID: 100100000}
  serializedVersion: 5
  m_Component:
  - component: {fileID: 4774688982205828}
  m_Layer: 14
  m_Name: joint15
  m_TagString: Untagged
  m_Icon: {fileID: 0}
  m_NavMeshLayer: 0
  m_StaticEditorFlags: 0
  m_IsActive: 1
--- !u!1 &1196342306172650
GameObject:
  m_ObjectHideFlags: 1
  m_PrefabParentObject: {fileID: 0}
  m_PrefabInternal: {fileID: 100100000}
  serializedVersion: 5
  m_Component:
  - component: {fileID: 4364314770037494}
  m_Layer: 14
  m_Name: joint7 2
  m_TagString: Untagged
  m_Icon: {fileID: 0}
  m_NavMeshLayer: 0
  m_StaticEditorFlags: 0
  m_IsActive: 1
--- !u!1 &1204554216902292
GameObject:
  m_ObjectHideFlags: 1
  m_PrefabParentObject: {fileID: 0}
  m_PrefabInternal: {fileID: 100100000}
  serializedVersion: 5
  m_Component:
  - component: {fileID: 4074196531288562}
  m_Layer: 14
  m_Name: joint6 1
  m_TagString: Untagged
  m_Icon: {fileID: 0}
  m_NavMeshLayer: 0
  m_StaticEditorFlags: 0
  m_IsActive: 1
--- !u!1 &1248689371419380
GameObject:
  m_ObjectHideFlags: 1
  m_PrefabParentObject: {fileID: 0}
  m_PrefabInternal: {fileID: 100100000}
  serializedVersion: 5
  m_Component:
  - component: {fileID: 4870798128028004}
  m_Layer: 14
  m_Name: joint15 1
  m_TagString: Untagged
  m_Icon: {fileID: 0}
  m_NavMeshLayer: 0
  m_StaticEditorFlags: 0
  m_IsActive: 1
--- !u!1 &1253970308070732
GameObject:
  m_ObjectHideFlags: 1
  m_PrefabParentObject: {fileID: 0}
  m_PrefabInternal: {fileID: 100100000}
  serializedVersion: 5
  m_Component:
  - component: {fileID: 4577078409218784}
  m_Layer: 14
  m_Name: joint10 2
  m_TagString: Untagged
  m_Icon: {fileID: 0}
  m_NavMeshLayer: 0
  m_StaticEditorFlags: 0
  m_IsActive: 1
--- !u!1 &1269386770867530
GameObject:
  m_ObjectHideFlags: 1
  m_PrefabParentObject: {fileID: 0}
  m_PrefabInternal: {fileID: 100100000}
  serializedVersion: 5
  m_Component:
  - component: {fileID: 4401155855087670}
  m_Layer: 14
  m_Name: joint7 4
  m_TagString: Untagged
  m_Icon: {fileID: 0}
  m_NavMeshLayer: 0
  m_StaticEditorFlags: 0
  m_IsActive: 1
--- !u!1 &1293482579476626
GameObject:
  m_ObjectHideFlags: 1
  m_PrefabParentObject: {fileID: 0}
  m_PrefabInternal: {fileID: 100100000}
  serializedVersion: 5
  m_Component:
  - component: {fileID: 4234023101960526}
  m_Layer: 14
  m_Name: joint6 2
  m_TagString: Untagged
  m_Icon: {fileID: 0}
  m_NavMeshLayer: 0
  m_StaticEditorFlags: 0
  m_IsActive: 1
--- !u!1 &1295176587023030
GameObject:
  m_ObjectHideFlags: 1
  m_PrefabParentObject: {fileID: 0}
  m_PrefabInternal: {fileID: 100100000}
  serializedVersion: 5
  m_Component:
  - component: {fileID: 4968754767956610}
  m_Layer: 14
  m_Name: joint8 1
  m_TagString: Untagged
  m_Icon: {fileID: 0}
  m_NavMeshLayer: 0
  m_StaticEditorFlags: 0
  m_IsActive: 1
--- !u!1 &1323899600781080
GameObject:
  m_ObjectHideFlags: 1
  m_PrefabParentObject: {fileID: 0}
  m_PrefabInternal: {fileID: 100100000}
  serializedVersion: 5
  m_Component:
  - component: {fileID: 4007100236168264}
  m_Layer: 14
  m_Name: joint13 3
  m_TagString: Untagged
  m_Icon: {fileID: 0}
  m_NavMeshLayer: 0
  m_StaticEditorFlags: 0
  m_IsActive: 1
--- !u!1 &1331087357519480
GameObject:
  m_ObjectHideFlags: 1
  m_PrefabParentObject: {fileID: 0}
  m_PrefabInternal: {fileID: 100100000}
  serializedVersion: 5
  m_Component:
  - component: {fileID: 4204458025857986}
  m_Layer: 14
  m_Name: joint20 2
  m_TagString: Untagged
  m_Icon: {fileID: 0}
  m_NavMeshLayer: 0
  m_StaticEditorFlags: 0
  m_IsActive: 1
--- !u!1 &1336517360851610
GameObject:
  m_ObjectHideFlags: 1
  m_PrefabParentObject: {fileID: 0}
  m_PrefabInternal: {fileID: 100100000}
  serializedVersion: 5
  m_Component:
  - component: {fileID: 4908074364503188}
  m_Layer: 14
  m_Name: joint12 4
  m_TagString: Untagged
  m_Icon: {fileID: 0}
  m_NavMeshLayer: 0
  m_StaticEditorFlags: 0
  m_IsActive: 1
--- !u!1 &1342195855452274
GameObject:
  m_ObjectHideFlags: 1
  m_PrefabParentObject: {fileID: 0}
  m_PrefabInternal: {fileID: 100100000}
  serializedVersion: 5
  m_Component:
  - component: {fileID: 4943806834529698}
  m_Layer: 14
  m_Name: joint42 1
  m_TagString: Untagged
  m_Icon: {fileID: 0}
  m_NavMeshLayer: 0
  m_StaticEditorFlags: 0
  m_IsActive: 1
--- !u!1 &1357110849500668
GameObject:
  m_ObjectHideFlags: 1
  m_PrefabParentObject: {fileID: 0}
  m_PrefabInternal: {fileID: 100100000}
  serializedVersion: 5
  m_Component:
  - component: {fileID: 4991579863070970}
  m_Layer: 14
  m_Name: joint2 2
  m_TagString: Untagged
  m_Icon: {fileID: 0}
  m_NavMeshLayer: 0
  m_StaticEditorFlags: 0
  m_IsActive: 1
--- !u!1 &1357192100217044
GameObject:
  m_ObjectHideFlags: 1
  m_PrefabParentObject: {fileID: 0}
  m_PrefabInternal: {fileID: 100100000}
  serializedVersion: 5
  m_Component:
  - component: {fileID: 4806865441207800}
  m_Layer: 14
  m_Name: joint13
  m_TagString: Untagged
  m_Icon: {fileID: 0}
  m_NavMeshLayer: 0
  m_StaticEditorFlags: 0
  m_IsActive: 1
--- !u!1 &1377619014253000
GameObject:
  m_ObjectHideFlags: 1
  m_PrefabParentObject: {fileID: 0}
  m_PrefabInternal: {fileID: 100100000}
  serializedVersion: 5
  m_Component:
  - component: {fileID: 4057656098495902}
  m_Layer: 14
  m_Name: joint12 3
  m_TagString: Untagged
  m_Icon: {fileID: 0}
  m_NavMeshLayer: 0
  m_StaticEditorFlags: 0
  m_IsActive: 1
--- !u!1 &1377811212023294
GameObject:
  m_ObjectHideFlags: 1
  m_PrefabParentObject: {fileID: 0}
  m_PrefabInternal: {fileID: 100100000}
  serializedVersion: 5
  m_Component:
  - component: {fileID: 4374233165762076}
  m_Layer: 14
  m_Name: joint12 2
  m_TagString: Untagged
  m_Icon: {fileID: 0}
  m_NavMeshLayer: 0
  m_StaticEditorFlags: 0
  m_IsActive: 1
--- !u!1 &1398709736672752
GameObject:
  m_ObjectHideFlags: 1
  m_PrefabParentObject: {fileID: 0}
  m_PrefabInternal: {fileID: 100100000}
  serializedVersion: 5
  m_Component:
  - component: {fileID: 4911973001600022}
  m_Layer: 14
  m_Name: joint11
  m_TagString: Untagged
  m_Icon: {fileID: 0}
  m_NavMeshLayer: 0
  m_StaticEditorFlags: 0
  m_IsActive: 1
--- !u!1 &1399408189632424
GameObject:
  m_ObjectHideFlags: 1
  m_PrefabParentObject: {fileID: 0}
  m_PrefabInternal: {fileID: 100100000}
  serializedVersion: 5
  m_Component:
  - component: {fileID: 4341451182997844}
  m_Layer: 14
  m_Name: joint10 1
  m_TagString: Untagged
  m_Icon: {fileID: 0}
  m_NavMeshLayer: 0
  m_StaticEditorFlags: 0
  m_IsActive: 1
--- !u!1 &1400921490715298
GameObject:
  m_ObjectHideFlags: 1
  m_PrefabParentObject: {fileID: 0}
  m_PrefabInternal: {fileID: 100100000}
  serializedVersion: 5
  m_Component:
  - component: {fileID: 4132687360237972}
  m_Layer: 14
  m_Name: joint14 4
  m_TagString: Untagged
  m_Icon: {fileID: 0}
  m_NavMeshLayer: 0
  m_StaticEditorFlags: 0
  m_IsActive: 1
--- !u!1 &1408357437629528
GameObject:
  m_ObjectHideFlags: 0
  m_PrefabParentObject: {fileID: 0}
  m_PrefabInternal: {fileID: 100100000}
  serializedVersion: 5
  m_Component:
  - component: {fileID: 4426892621500366}
  m_Layer: 14
  m_Name: joint49
  m_TagString: Untagged
  m_Icon: {fileID: 0}
  m_NavMeshLayer: 0
  m_StaticEditorFlags: 0
  m_IsActive: 1
--- !u!1 &1414924970380512
GameObject:
  m_ObjectHideFlags: 1
  m_PrefabParentObject: {fileID: 0}
  m_PrefabInternal: {fileID: 100100000}
  serializedVersion: 5
  m_Component:
  - component: {fileID: 4019815101120052}
  m_Layer: 14
  m_Name: joint4 2
  m_TagString: Untagged
  m_Icon: {fileID: 0}
  m_NavMeshLayer: 0
  m_StaticEditorFlags: 0
  m_IsActive: 1
--- !u!1 &1434233844796734
GameObject:
  m_ObjectHideFlags: 0
  m_PrefabParentObject: {fileID: 0}
  m_PrefabInternal: {fileID: 100100000}
  serializedVersion: 5
  m_Component:
  - component: {fileID: 4160197356697042}
  - component: {fileID: 137934210872012050}
  m_Layer: 14
  m_Name: pCube26
  m_TagString: Untagged
  m_Icon: {fileID: 0}
  m_NavMeshLayer: 0
  m_StaticEditorFlags: 0
  m_IsActive: 1
--- !u!1 &1452920171052166
GameObject:
  m_ObjectHideFlags: 1
  m_PrefabParentObject: {fileID: 0}
  m_PrefabInternal: {fileID: 100100000}
  serializedVersion: 5
  m_Component:
  - component: {fileID: 4270714388550428}
  m_Layer: 14
  m_Name: joint12
  m_TagString: Untagged
  m_Icon: {fileID: 0}
  m_NavMeshLayer: 0
  m_StaticEditorFlags: 0
  m_IsActive: 1
--- !u!1 &1455894981140546
GameObject:
  m_ObjectHideFlags: 1
  m_PrefabParentObject: {fileID: 0}
  m_PrefabInternal: {fileID: 100100000}
  serializedVersion: 5
  m_Component:
  - component: {fileID: 4014256149440672}
  m_Layer: 14
  m_Name: joint2
  m_TagString: Untagged
  m_Icon: {fileID: 0}
  m_NavMeshLayer: 0
  m_StaticEditorFlags: 0
  m_IsActive: 1
--- !u!1 &1457610156635144
GameObject:
  m_ObjectHideFlags: 0
  m_PrefabParentObject: {fileID: 0}
  m_PrefabInternal: {fileID: 100100000}
  serializedVersion: 5
  m_Component:
  - component: {fileID: 4461307149209996}
  m_Layer: 14
  m_Name: joint51
  m_TagString: Untagged
  m_Icon: {fileID: 0}
  m_NavMeshLayer: 0
  m_StaticEditorFlags: 0
  m_IsActive: 1
--- !u!1 &1461880920922476
GameObject:
  m_ObjectHideFlags: 1
  m_PrefabParentObject: {fileID: 0}
  m_PrefabInternal: {fileID: 100100000}
  serializedVersion: 5
  m_Component:
  - component: {fileID: 4977326416951898}
  m_Layer: 14
  m_Name: joint44
  m_TagString: Untagged
  m_Icon: {fileID: 0}
  m_NavMeshLayer: 0
  m_StaticEditorFlags: 0
  m_IsActive: 1
--- !u!1 &1479029225178816
GameObject:
  m_ObjectHideFlags: 1
  m_PrefabParentObject: {fileID: 0}
  m_PrefabInternal: {fileID: 100100000}
  serializedVersion: 5
  m_Component:
  - component: {fileID: 4881517712892260}
  m_Layer: 14
  m_Name: joint10
  m_TagString: Untagged
  m_Icon: {fileID: 0}
  m_NavMeshLayer: 0
  m_StaticEditorFlags: 0
  m_IsActive: 1
--- !u!1 &1488057098537852
GameObject:
  m_ObjectHideFlags: 1
  m_PrefabParentObject: {fileID: 0}
  m_PrefabInternal: {fileID: 100100000}
  serializedVersion: 5
  m_Component:
  - component: {fileID: 4357266113396204}
  m_Layer: 14
  m_Name: joint14
  m_TagString: Untagged
  m_Icon: {fileID: 0}
  m_NavMeshLayer: 0
  m_StaticEditorFlags: 0
  m_IsActive: 1
--- !u!1 &1489973774871484
GameObject:
  m_ObjectHideFlags: 1
  m_PrefabParentObject: {fileID: 0}
  m_PrefabInternal: {fileID: 100100000}
  serializedVersion: 5
  m_Component:
  - component: {fileID: 4462716019918002}
  m_Layer: 14
  m_Name: joint20
  m_TagString: Untagged
  m_Icon: {fileID: 0}
  m_NavMeshLayer: 0
  m_StaticEditorFlags: 0
  m_IsActive: 1
--- !u!1 &1490247059780992
GameObject:
  m_ObjectHideFlags: 0
  m_PrefabParentObject: {fileID: 0}
  m_PrefabInternal: {fileID: 100100000}
  serializedVersion: 5
  m_Component:
  - component: {fileID: 4616690909054564}
  - component: {fileID: 137443837745925530}
  m_Layer: 14
  m_Name: pCube35
  m_TagString: Untagged
  m_Icon: {fileID: 0}
  m_NavMeshLayer: 0
  m_StaticEditorFlags: 0
  m_IsActive: 1
--- !u!1 &1498123334795534
GameObject:
  m_ObjectHideFlags: 1
  m_PrefabParentObject: {fileID: 0}
  m_PrefabInternal: {fileID: 100100000}
  serializedVersion: 5
  m_Component:
  - component: {fileID: 4113434982443378}
  m_Layer: 14
  m_Name: joint7 1
  m_TagString: Untagged
  m_Icon: {fileID: 0}
  m_NavMeshLayer: 0
  m_StaticEditorFlags: 0
  m_IsActive: 1
--- !u!1 &1528678928568286
GameObject:
  m_ObjectHideFlags: 1
  m_PrefabParentObject: {fileID: 0}
  m_PrefabInternal: {fileID: 100100000}
  serializedVersion: 5
  m_Component:
  - component: {fileID: 4427957786308214}
  m_Layer: 14
  m_Name: joint46
  m_TagString: Untagged
  m_Icon: {fileID: 0}
  m_NavMeshLayer: 0
  m_StaticEditorFlags: 0
  m_IsActive: 1
--- !u!1 &1529482057106706
GameObject:
  m_ObjectHideFlags: 1
  m_PrefabParentObject: {fileID: 0}
  m_PrefabInternal: {fileID: 100100000}
  serializedVersion: 5
  m_Component:
  - component: {fileID: 4208277667953230}
  m_Layer: 14
  m_Name: joint9 3
  m_TagString: Untagged
  m_Icon: {fileID: 0}
  m_NavMeshLayer: 0
  m_StaticEditorFlags: 0
  m_IsActive: 1
--- !u!1 &1531083980016032
GameObject:
  m_ObjectHideFlags: 1
  m_PrefabParentObject: {fileID: 0}
  m_PrefabInternal: {fileID: 100100000}
  serializedVersion: 5
  m_Component:
  - component: {fileID: 4360081057122856}
  m_Layer: 14
  m_Name: joint13 5
  m_TagString: Untagged
  m_Icon: {fileID: 0}
  m_NavMeshLayer: 0
  m_StaticEditorFlags: 0
  m_IsActive: 1
--- !u!1 &1534548764884672
GameObject:
  m_ObjectHideFlags: 1
  m_PrefabParentObject: {fileID: 0}
  m_PrefabInternal: {fileID: 100100000}
  serializedVersion: 5
  m_Component:
  - component: {fileID: 4249072178242132}
  m_Layer: 14
  m_Name: joint14 3
  m_TagString: Untagged
  m_Icon: {fileID: 0}
  m_NavMeshLayer: 0
  m_StaticEditorFlags: 0
  m_IsActive: 1
--- !u!1 &1536448726958532
GameObject:
  m_ObjectHideFlags: 1
  m_PrefabParentObject: {fileID: 0}
  m_PrefabInternal: {fileID: 100100000}
  serializedVersion: 5
  m_Component:
  - component: {fileID: 4572785288569054}
  m_Layer: 14
  m_Name: joint11 4
  m_TagString: Untagged
  m_Icon: {fileID: 0}
  m_NavMeshLayer: 0
  m_StaticEditorFlags: 0
  m_IsActive: 1
--- !u!1 &1546067812547732
GameObject:
  m_ObjectHideFlags: 1
  m_PrefabParentObject: {fileID: 0}
  m_PrefabInternal: {fileID: 100100000}
  serializedVersion: 5
  m_Component:
  - component: {fileID: 4699956100060120}
  m_Layer: 14
  m_Name: joint12 1
  m_TagString: Untagged
  m_Icon: {fileID: 0}
  m_NavMeshLayer: 0
  m_StaticEditorFlags: 0
  m_IsActive: 1
--- !u!1 &1558514886329074
GameObject:
  m_ObjectHideFlags: 1
  m_PrefabParentObject: {fileID: 0}
  m_PrefabInternal: {fileID: 100100000}
  serializedVersion: 5
  m_Component:
  - component: {fileID: 4802348173854808}
  m_Layer: 14
  m_Name: joint20 1
  m_TagString: Untagged
  m_Icon: {fileID: 0}
  m_NavMeshLayer: 0
  m_StaticEditorFlags: 0
  m_IsActive: 1
--- !u!1 &1563002168775454
GameObject:
  m_ObjectHideFlags: 1
  m_PrefabParentObject: {fileID: 0}
  m_PrefabInternal: {fileID: 100100000}
  serializedVersion: 5
  m_Component:
  - component: {fileID: 4709223992928220}
  m_Layer: 14
  m_Name: joint3
  m_TagString: Untagged
  m_Icon: {fileID: 0}
  m_NavMeshLayer: 0
  m_StaticEditorFlags: 0
  m_IsActive: 1
--- !u!1 &1579255433321350
GameObject:
  m_ObjectHideFlags: 1
  m_PrefabParentObject: {fileID: 0}
  m_PrefabInternal: {fileID: 100100000}
  serializedVersion: 5
  m_Component:
  - component: {fileID: 4633313807959678}
  m_Layer: 14
  m_Name: joint7 5
  m_TagString: Untagged
  m_Icon: {fileID: 0}
  m_NavMeshLayer: 0
  m_StaticEditorFlags: 0
  m_IsActive: 1
--- !u!1 &1586308815866714
GameObject:
  m_ObjectHideFlags: 1
  m_PrefabParentObject: {fileID: 0}
  m_PrefabInternal: {fileID: 100100000}
  serializedVersion: 5
  m_Component:
  - component: {fileID: 4282376594078164}
  m_Layer: 14
  m_Name: joint9 5
  m_TagString: Untagged
  m_Icon: {fileID: 0}
  m_NavMeshLayer: 0
  m_StaticEditorFlags: 0
  m_IsActive: 1
--- !u!1 &1597808104173136
GameObject:
  m_ObjectHideFlags: 1
  m_PrefabParentObject: {fileID: 0}
  m_PrefabInternal: {fileID: 100100000}
  serializedVersion: 5
  m_Component:
  - component: {fileID: 4402407885364242}
  m_Layer: 14
  m_Name: joint3 1
  m_TagString: Untagged
  m_Icon: {fileID: 0}
  m_NavMeshLayer: 0
  m_StaticEditorFlags: 0
  m_IsActive: 1
--- !u!1 &1608524328919192
GameObject:
  m_ObjectHideFlags: 1
  m_PrefabParentObject: {fileID: 0}
  m_PrefabInternal: {fileID: 100100000}
  serializedVersion: 5
  m_Component:
  - component: {fileID: 4134256769287570}
  m_Layer: 14
  m_Name: joint9 1
  m_TagString: Untagged
  m_Icon: {fileID: 0}
  m_NavMeshLayer: 0
  m_StaticEditorFlags: 0
  m_IsActive: 1
--- !u!1 &1609200504925458
GameObject:
  m_ObjectHideFlags: 1
  m_PrefabParentObject: {fileID: 0}
  m_PrefabInternal: {fileID: 100100000}
  serializedVersion: 5
  m_Component:
  - component: {fileID: 4735149343563786}
  m_Layer: 14
  m_Name: joint9
  m_TagString: Untagged
  m_Icon: {fileID: 0}
  m_NavMeshLayer: 0
  m_StaticEditorFlags: 0
  m_IsActive: 1
--- !u!1 &1615142446087592
GameObject:
  m_ObjectHideFlags: 1
  m_PrefabParentObject: {fileID: 0}
  m_PrefabInternal: {fileID: 100100000}
  serializedVersion: 5
  m_Component:
  - component: {fileID: 4459903709003384}
  m_Layer: 14
  m_Name: joint13 4
  m_TagString: Untagged
  m_Icon: {fileID: 0}
  m_NavMeshLayer: 0
  m_StaticEditorFlags: 0
  m_IsActive: 1
--- !u!1 &1616271896202024
GameObject:
  m_ObjectHideFlags: 1
  m_PrefabParentObject: {fileID: 0}
  m_PrefabInternal: {fileID: 100100000}
  serializedVersion: 5
  m_Component:
  - component: {fileID: 4489589615034880}
  m_Layer: 14
  m_Name: joint2 1
  m_TagString: Untagged
  m_Icon: {fileID: 0}
  m_NavMeshLayer: 0
  m_StaticEditorFlags: 0
  m_IsActive: 1
--- !u!1 &1623491863786854
GameObject:
  m_ObjectHideFlags: 1
  m_PrefabParentObject: {fileID: 0}
  m_PrefabInternal: {fileID: 100100000}
  serializedVersion: 5
  m_Component:
  - component: {fileID: 4742871650340968}
  m_Layer: 14
  m_Name: joint8
  m_TagString: Untagged
  m_Icon: {fileID: 0}
  m_NavMeshLayer: 0
  m_StaticEditorFlags: 0
  m_IsActive: 1
--- !u!1 &1625832092133286
GameObject:
  m_ObjectHideFlags: 0
  m_PrefabParentObject: {fileID: 0}
  m_PrefabInternal: {fileID: 100100000}
  serializedVersion: 5
  m_Component:
  - component: {fileID: 4991237222511148}
  - component: {fileID: 137252423772382310}
  m_Layer: 14
  m_Name: pCube34
  m_TagString: Untagged
  m_Icon: {fileID: 0}
  m_NavMeshLayer: 0
  m_StaticEditorFlags: 0
  m_IsActive: 1
--- !u!1 &1629000527306920
GameObject:
  m_ObjectHideFlags: 1
  m_PrefabParentObject: {fileID: 0}
  m_PrefabInternal: {fileID: 100100000}
  serializedVersion: 5
  m_Component:
  - component: {fileID: 4328518332206076}
  m_Layer: 14
  m_Name: joint14 2
  m_TagString: Untagged
  m_Icon: {fileID: 0}
  m_NavMeshLayer: 0
  m_StaticEditorFlags: 0
  m_IsActive: 1
--- !u!1 &1662307389219126
GameObject:
  m_ObjectHideFlags: 0
  m_PrefabParentObject: {fileID: 0}
  m_PrefabInternal: {fileID: 100100000}
  serializedVersion: 5
  m_Component:
  - component: {fileID: 4513363804837906}
  - component: {fileID: 95607448215000914}
  - component: {fileID: 65096213984883106}
  - component: {fileID: 114047681841188918}
  - component: {fileID: 114590974818687932}
  - component: {fileID: 54792416260911846}
  - component: {fileID: 114800886468022404}
  - component: {fileID: 136589910891616972}
  - component: {fileID: 114500932983271436}
  m_Layer: 14
  m_Name: FrogCannon
  m_TagString: Untagged
  m_Icon: {fileID: 0}
  m_NavMeshLayer: 0
  m_StaticEditorFlags: 0
  m_IsActive: 1
--- !u!1 &1666501748484232
GameObject:
  m_ObjectHideFlags: 1
  m_PrefabParentObject: {fileID: 0}
  m_PrefabInternal: {fileID: 100100000}
  serializedVersion: 5
  m_Component:
  - component: {fileID: 4858012491108888}
  m_Layer: 14
  m_Name: joint6
  m_TagString: Untagged
  m_Icon: {fileID: 0}
  m_NavMeshLayer: 0
  m_StaticEditorFlags: 0
  m_IsActive: 1
--- !u!1 &1672046918448518
GameObject:
  m_ObjectHideFlags: 1
  m_PrefabParentObject: {fileID: 0}
  m_PrefabInternal: {fileID: 100100000}
  serializedVersion: 5
  m_Component:
  - component: {fileID: 4847411639907590}
  m_Layer: 14
  m_Name: joint47
  m_TagString: Untagged
  m_Icon: {fileID: 0}
  m_NavMeshLayer: 0
  m_StaticEditorFlags: 0
  m_IsActive: 1
--- !u!1 &1710934996798586
GameObject:
  m_ObjectHideFlags: 1
  m_PrefabParentObject: {fileID: 0}
  m_PrefabInternal: {fileID: 100100000}
  serializedVersion: 5
  m_Component:
  - component: {fileID: 4113752261668014}
  m_Layer: 14
  m_Name: joint7
  m_TagString: Untagged
  m_Icon: {fileID: 0}
  m_NavMeshLayer: 0
  m_StaticEditorFlags: 0
  m_IsActive: 1
--- !u!1 &1711946101721300
GameObject:
  m_ObjectHideFlags: 1
  m_PrefabParentObject: {fileID: 0}
  m_PrefabInternal: {fileID: 100100000}
  serializedVersion: 5
  m_Component:
  - component: {fileID: 4777675233779448}
  m_Layer: 14
  m_Name: joint11 3
  m_TagString: Untagged
  m_Icon: {fileID: 0}
  m_NavMeshLayer: 0
  m_StaticEditorFlags: 0
  m_IsActive: 1
--- !u!1 &1732055887435278
GameObject:
  m_ObjectHideFlags: 1
  m_PrefabParentObject: {fileID: 0}
  m_PrefabInternal: {fileID: 100100000}
  serializedVersion: 5
  m_Component:
  - component: {fileID: 4049407025110534}
  m_Layer: 14
  m_Name: joint13 2
  m_TagString: Untagged
  m_Icon: {fileID: 0}
  m_NavMeshLayer: 0
  m_StaticEditorFlags: 0
  m_IsActive: 1
--- !u!1 &1741390445520780
GameObject:
  m_ObjectHideFlags: 1
  m_PrefabParentObject: {fileID: 0}
  m_PrefabInternal: {fileID: 100100000}
  serializedVersion: 5
  m_Component:
  - component: {fileID: 4970223813240128}
  m_Layer: 14
  m_Name: joint5
  m_TagString: Untagged
  m_Icon: {fileID: 0}
  m_NavMeshLayer: 0
  m_StaticEditorFlags: 0
  m_IsActive: 1
--- !u!1 &1754495323049530
GameObject:
  m_ObjectHideFlags: 1
  m_PrefabParentObject: {fileID: 0}
  m_PrefabInternal: {fileID: 100100000}
  serializedVersion: 5
  m_Component:
  - component: {fileID: 4780193880443450}
  m_Layer: 14
  m_Name: joint4
  m_TagString: Untagged
  m_Icon: {fileID: 0}
  m_NavMeshLayer: 0
  m_StaticEditorFlags: 0
  m_IsActive: 1
--- !u!1 &1757698820946314
GameObject:
  m_ObjectHideFlags: 1
  m_PrefabParentObject: {fileID: 0}
  m_PrefabInternal: {fileID: 100100000}
  serializedVersion: 5
  m_Component:
  - component: {fileID: 4156113931586298}
  m_Layer: 14
  m_Name: joint5 1
  m_TagString: Untagged
  m_Icon: {fileID: 0}
  m_NavMeshLayer: 0
  m_StaticEditorFlags: 0
  m_IsActive: 1
--- !u!1 &1778886753868140
GameObject:
  m_ObjectHideFlags: 1
  m_PrefabParentObject: {fileID: 0}
  m_PrefabInternal: {fileID: 100100000}
  serializedVersion: 5
  m_Component:
  - component: {fileID: 4811012889941058}
  m_Layer: 14
  m_Name: joint11 1
  m_TagString: Untagged
  m_Icon: {fileID: 0}
  m_NavMeshLayer: 0
  m_StaticEditorFlags: 0
  m_IsActive: 1
--- !u!1 &1788961603735164
GameObject:
  m_ObjectHideFlags: 1
  m_PrefabParentObject: {fileID: 0}
  m_PrefabInternal: {fileID: 100100000}
  serializedVersion: 5
  m_Component:
  - component: {fileID: 4253201105880930}
  m_Layer: 14
  m_Name: joint7 3
  m_TagString: Untagged
  m_Icon: {fileID: 0}
  m_NavMeshLayer: 0
  m_StaticEditorFlags: 0
  m_IsActive: 1
--- !u!1 &1806505198396964
GameObject:
  m_ObjectHideFlags: 0
  m_PrefabParentObject: {fileID: 0}
  m_PrefabInternal: {fileID: 100100000}
  serializedVersion: 5
  m_Component:
  - component: {fileID: 224160508854453810}
  - component: {fileID: 223347433878727438}
  - component: {fileID: 114249413670219020}
  - component: {fileID: 114822337558872476}
  - component: {fileID: 114561004407607916}
  - component: {fileID: 114469066059952504}
  m_Layer: 0
  m_Name: Unit_HealthBar
  m_TagString: Untagged
  m_Icon: {fileID: 0}
  m_NavMeshLayer: 0
  m_StaticEditorFlags: 0
  m_IsActive: 1
--- !u!1 &1822045192181146
GameObject:
  m_ObjectHideFlags: 1
  m_PrefabParentObject: {fileID: 0}
  m_PrefabInternal: {fileID: 100100000}
  serializedVersion: 5
  m_Component:
  - component: {fileID: 4570060932417828}
  m_Layer: 14
  m_Name: joint8 3
  m_TagString: Untagged
  m_Icon: {fileID: 0}
  m_NavMeshLayer: 0
  m_StaticEditorFlags: 0
  m_IsActive: 1
--- !u!1 &1823731141379964
GameObject:
  m_ObjectHideFlags: 0
  m_PrefabParentObject: {fileID: 0}
  m_PrefabInternal: {fileID: 100100000}
  serializedVersion: 5
  m_Component:
  - component: {fileID: 4020685611687330}
  - component: {fileID: 137904007355852054}
  m_Layer: 14
  m_Name: pCube33
  m_TagString: Untagged
  m_Icon: {fileID: 0}
  m_NavMeshLayer: 0
  m_StaticEditorFlags: 0
  m_IsActive: 1
--- !u!1 &1840304112154304
GameObject:
  m_ObjectHideFlags: 1
  m_PrefabParentObject: {fileID: 0}
  m_PrefabInternal: {fileID: 100100000}
  serializedVersion: 5
  m_Component:
  - component: {fileID: 224966602152125094}
  - component: {fileID: 222604394148575506}
  - component: {fileID: 114079340047683592}
  m_Layer: 0
  m_Name: Bar
  m_TagString: Untagged
  m_Icon: {fileID: 0}
  m_NavMeshLayer: 0
  m_StaticEditorFlags: 0
  m_IsActive: 1
--- !u!1 &1844279389440316
GameObject:
  m_ObjectHideFlags: 1
  m_PrefabParentObject: {fileID: 0}
  m_PrefabInternal: {fileID: 100100000}
  serializedVersion: 5
  m_Component:
  - component: {fileID: 4355834756547322}
  m_Layer: 14
  m_Name: joint15 2
  m_TagString: Untagged
  m_Icon: {fileID: 0}
  m_NavMeshLayer: 0
  m_StaticEditorFlags: 0
  m_IsActive: 1
--- !u!1 &1890156720095254
GameObject:
  m_ObjectHideFlags: 1
  m_PrefabParentObject: {fileID: 0}
  m_PrefabInternal: {fileID: 100100000}
  serializedVersion: 5
  m_Component:
  - component: {fileID: 4681709809460348}
  m_Layer: 14
  m_Name: joint8 2
  m_TagString: Untagged
  m_Icon: {fileID: 0}
  m_NavMeshLayer: 0
  m_StaticEditorFlags: 0
  m_IsActive: 1
--- !u!1 &1890560084558278
GameObject:
  m_ObjectHideFlags: 1
  m_PrefabParentObject: {fileID: 0}
  m_PrefabInternal: {fileID: 100100000}
  serializedVersion: 5
  m_Component:
  - component: {fileID: 4233465600615612}
  m_Layer: 14
  m_Name: joint14 1
  m_TagString: Untagged
  m_Icon: {fileID: 0}
  m_NavMeshLayer: 0
  m_StaticEditorFlags: 0
  m_IsActive: 1
--- !u!1 &1898870791005886
GameObject:
  m_ObjectHideFlags: 1
  m_PrefabParentObject: {fileID: 0}
  m_PrefabInternal: {fileID: 100100000}
  serializedVersion: 5
  m_Component:
  - component: {fileID: 4512593689080542}
  m_Layer: 14
  m_Name: joint14 5
  m_TagString: Untagged
  m_Icon: {fileID: 0}
  m_NavMeshLayer: 0
  m_StaticEditorFlags: 0
  m_IsActive: 1
--- !u!1 &1912977637817472
GameObject:
  m_ObjectHideFlags: 1
  m_PrefabParentObject: {fileID: 0}
  m_PrefabInternal: {fileID: 100100000}
  serializedVersion: 5
  m_Component:
  - component: {fileID: 4469777591814734}
  m_Layer: 14
  m_Name: joint13 1
  m_TagString: Untagged
  m_Icon: {fileID: 0}
  m_NavMeshLayer: 0
  m_StaticEditorFlags: 0
  m_IsActive: 1
--- !u!1 &1940544275725202
GameObject:
  m_ObjectHideFlags: 1
  m_PrefabParentObject: {fileID: 0}
  m_PrefabInternal: {fileID: 100100000}
  serializedVersion: 5
  m_Component:
  - component: {fileID: 4660722530711608}
  m_Layer: 14
  m_Name: joint9 2
  m_TagString: Untagged
  m_Icon: {fileID: 0}
  m_NavMeshLayer: 0
  m_StaticEditorFlags: 0
  m_IsActive: 1
--- !u!4 &4007100236168264
Transform:
  m_ObjectHideFlags: 1
  m_PrefabParentObject: {fileID: 0}
  m_PrefabInternal: {fileID: 100100000}
  m_GameObject: {fileID: 1323899600781080}
  m_LocalRotation: {x: 0, y: 0, z: 0.017998243, w: 0.99983805}
  m_LocalPosition: {x: -91.480835, y: -8.881784e-16, z: 5.2904668e-14}
  m_LocalScale: {x: 1, y: 1, z: 1}
  m_Children:
  - {fileID: 4249072178242132}
  m_Father: {fileID: 4057656098495902}
  m_RootOrder: 0
  m_LocalEulerAnglesHint: {x: 0, y: 0, z: 0}
--- !u!4 &4014256149440672
Transform:
  m_ObjectHideFlags: 1
  m_PrefabParentObject: {fileID: 0}
  m_PrefabInternal: {fileID: 100100000}
  m_GameObject: {fileID: 1455894981140546}
  m_LocalRotation: {x: 0.0008394, y: -0.07978394, z: 0.010486792, w: 0.9967567}
  m_LocalPosition: {x: -431.8068, y: -1.4654944e-14, z: -1.774937e-30}
  m_LocalScale: {x: 1, y: 1, z: 1}
  m_Children:
  - {fileID: 4709223992928220}
  - {fileID: 4881517712892260}
  - {fileID: 4774688982205828}
  m_Father: {fileID: 4426892621500366}
  m_RootOrder: 0
  m_LocalEulerAnglesHint: {x: 0, y: 0, z: 0}
--- !u!4 &4019815101120052
Transform:
  m_ObjectHideFlags: 1
  m_PrefabParentObject: {fileID: 0}
  m_PrefabInternal: {fileID: 100100000}
  m_GameObject: {fileID: 1414924970380512}
  m_LocalRotation: {x: -0.0005879831, y: 0.24139893, z: 0.0023636904, w: 0.9704229}
  m_LocalPosition: {x: -106.240974, y: -1.8851587e-13, z: -2.4314187e-16}
  m_LocalScale: {x: 1, y: 1, z: 1}
  m_Children:
  - {fileID: 4845519867618948}
  - {fileID: 4234023101960526}
  - {fileID: 4204458025857986}
  m_Father: {fileID: 4212859843584078}
  m_RootOrder: 0
  m_LocalEulerAnglesHint: {x: 0, y: 0, z: 0}
--- !u!4 &4020685611687330
Transform:
  m_ObjectHideFlags: 1
  m_PrefabParentObject: {fileID: 0}
  m_PrefabInternal: {fileID: 100100000}
  m_GameObject: {fileID: 1823731141379964}
  m_LocalRotation: {x: 0, y: -0, z: -0, w: 1}
  m_LocalPosition: {x: 0.97280186, y: -393.47818, z: -44.81994}
  m_LocalScale: {x: 0.01, y: 0.01, z: 0.01}
  m_Children: []
  m_Father: {fileID: 4513363804837906}
  m_RootOrder: 5
  m_LocalEulerAnglesHint: {x: 0, y: 0, z: 0}
--- !u!4 &4049407025110534
Transform:
  m_ObjectHideFlags: 1
  m_PrefabParentObject: {fileID: 0}
  m_PrefabInternal: {fileID: 100100000}
  m_GameObject: {fileID: 1732055887435278}
  m_LocalRotation: {x: 0, y: 0, z: 0.017998243, w: 0.99983805}
  m_LocalPosition: {x: -91.480835, y: -8.881784e-16, z: 5.2904668e-14}
  m_LocalScale: {x: 1, y: 1, z: 1}
  m_Children:
  - {fileID: 4328518332206076}
  m_Father: {fileID: 4374233165762076}
  m_RootOrder: 0
  m_LocalEulerAnglesHint: {x: 0, y: 0, z: 0}
--- !u!4 &4051990954837794
Transform:
  m_ObjectHideFlags: 1
  m_PrefabParentObject: {fileID: 0}
  m_PrefabInternal: {fileID: 100100000}
  m_GameObject: {fileID: 1120742444593482}
  m_LocalRotation: {x: -0.70411956, y: 0.70973, z: -0.015857104, w: 0.015731754}
  m_LocalPosition: {x: -4.139808, y: 0.041439533, z: -3.80428}
  m_LocalScale: {x: 0.01, y: 0.01, z: 0.01}
  m_Children:
  - {fileID: 4489589615034880}
  m_Father: {fileID: 4513363804837906}
  m_RootOrder: 2
  m_LocalEulerAnglesHint: {x: 0, y: 0, z: 0}
--- !u!4 &4057656098495902
Transform:
  m_ObjectHideFlags: 1
  m_PrefabParentObject: {fileID: 0}
  m_PrefabInternal: {fileID: 100100000}
  m_GameObject: {fileID: 1377619014253000}
  m_LocalRotation: {x: 0, y: -0, z: -0.6884627, w: 0.7252718}
  m_LocalPosition: {x: -194.81793, y: -7.5250917e-13, z: 6.620753e-14}
  m_LocalScale: {x: 1, y: 1, z: 1}
  m_Children:
  - {fileID: 4007100236168264}
  m_Father: {fileID: 4777675233779448}
  m_RootOrder: 0
  m_LocalEulerAnglesHint: {x: 0, y: 0, z: 0}
--- !u!4 &4074196531288562
Transform:
  m_ObjectHideFlags: 1
  m_PrefabParentObject: {fileID: 0}
  m_PrefabInternal: {fileID: 100100000}
  m_GameObject: {fileID: 1204554216902292}
  m_LocalRotation: {x: 0, y: 0, z: 0.6639176, w: 0.7478057}
  m_LocalPosition: {x: 9.721144, y: -29.402077, z: -0.00000043741423}
  m_LocalScale: {x: 1, y: 1, z: 1}
  m_Children:
  - {fileID: 4253201105880930}
  m_Father: {fileID: 4879551260205286}
  m_RootOrder: 1
  m_LocalEulerAnglesHint: {x: 0, y: 0, z: 0}
--- !u!4 &4111182719537054
Transform:
  m_ObjectHideFlags: 1
  m_PrefabParentObject: {fileID: 0}
  m_PrefabInternal: {fileID: 100100000}
  m_GameObject: {fileID: 1184730288279596}
  m_LocalRotation: {x: 0.99997056, y: 0.0076737166, z: 4.6987964e-19, w: 6.1230536e-17}
  m_LocalPosition: {x: -225.28136, y: -1.6653345e-14, z: -7.503376e-14}
  m_LocalScale: {x: 1, y: 1, z: 1}
  m_Children:
  - {fileID: 4374233165762076}
  m_Father: {fileID: 4341451182997844}
  m_RootOrder: 0
  m_LocalEulerAnglesHint: {x: 0, y: 0, z: 0}
--- !u!4 &4113434982443378
Transform:
  m_ObjectHideFlags: 1
  m_PrefabParentObject: {fileID: 0}
  m_PrefabInternal: {fileID: 100100000}
  m_GameObject: {fileID: 1498123334795534}
  m_LocalRotation: {x: -0.32626697, y: 0.39707345, z: 0.5446015, w: 0.6627909}
  m_LocalPosition: {x: -25.936867, y: 2.3980817e-14, z: 0}
  m_LocalScale: {x: 1, y: 1, z: 1}
  m_Children:
  - {fileID: 4968754767956610}
  m_Father: {fileID: 4858012491108888}
  m_RootOrder: 0
  m_LocalEulerAnglesHint: {x: 0, y: 0, z: 0}
--- !u!4 &4113752261668014
Transform:
  m_ObjectHideFlags: 1
  m_PrefabParentObject: {fileID: 0}
  m_PrefabInternal: {fileID: 100100000}
  m_GameObject: {fileID: 1710934996798586}
  m_LocalRotation: {x: 0.000000016747828, y: -0.000000009752645, z: 0.63642573, w: 0.771338}
  m_LocalPosition: {x: 25.93689, y: -0.00011661904, z: -5.674079e-12}
  m_LocalScale: {x: 1, y: 1, z: 1}
  m_Children:
  - {fileID: 4742871650340968}
  m_Father: {fileID: 4462716019918002}
  m_RootOrder: 0
  m_LocalEulerAnglesHint: {x: 0, y: 0, z: 0}
--- !u!4 &4132687360237972
Transform:
  m_ObjectHideFlags: 1
  m_PrefabParentObject: {fileID: 0}
  m_PrefabInternal: {fileID: 100100000}
  m_GameObject: {fileID: 1400921490715298}
  m_LocalRotation: {x: -0.02821667, y: -0.7065436, z: -0.02821667, w: 0.7065436}
  m_LocalPosition: {x: -80.42541, y: -2.3270275e-13, z: 4.7378825e-14}
  m_LocalScale: {x: 1, y: 1, z: 1}
  m_Children: []
  m_Father: {fileID: 4459903709003384}
  m_RootOrder: 0
  m_LocalEulerAnglesHint: {x: 0, y: 0, z: 0}
--- !u!4 &4134256769287570
Transform:
  m_ObjectHideFlags: 1
  m_PrefabParentObject: {fileID: 0}
  m_PrefabInternal: {fileID: 100100000}
  m_GameObject: {fileID: 1608524328919192}
  m_LocalRotation: {x: 0, y: -0, z: -0.0023255625, w: 0.9999973}
  m_LocalPosition: {x: -191.27191, y: -5.306866e-14, z: 0}
  m_LocalScale: {x: 1, y: 1, z: 1}
  m_Children: []
  m_Father: {fileID: 4968754767956610}
  m_RootOrder: 0
  m_LocalEulerAnglesHint: {x: 0, y: 0, z: 0}
--- !u!4 &4156113931586298
Transform:
  m_ObjectHideFlags: 1
  m_PrefabParentObject: {fileID: 0}
  m_PrefabInternal: {fileID: 100100000}
  m_GameObject: {fileID: 1757698820946314}
  m_LocalRotation: {x: 0.2811586, y: -0.30724648, z: 0.7254038, w: 0.54803175}
  m_LocalPosition: {x: -73.11677, y: -1.090017e-12, z: -0.0000000053075495}
  m_LocalScale: {x: 1, y: 1, z: 1}
  m_Children: []
  m_Father: {fileID: 4879551260205286}
  m_RootOrder: 0
  m_LocalEulerAnglesHint: {x: 0, y: 0, z: 0}
--- !u!4 &4160197356697042
Transform:
  m_ObjectHideFlags: 1
  m_PrefabParentObject: {fileID: 0}
  m_PrefabInternal: {fileID: 100100000}
  m_GameObject: {fileID: 1434233844796734}
  m_LocalRotation: {x: 0, y: -0, z: -0, w: 1}
  m_LocalPosition: {x: -1002.95465, y: -411.3251, z: -249.92252}
  m_LocalScale: {x: 0.01, y: 0.01, z: 0.01}
  m_Children: []
  m_Father: {fileID: 4513363804837906}
  m_RootOrder: 4
  m_LocalEulerAnglesHint: {x: 0, y: 0, z: 0}
--- !u!4 &4204458025857986
Transform:
  m_ObjectHideFlags: 1
  m_PrefabParentObject: {fileID: 0}
  m_PrefabInternal: {fileID: 100100000}
  m_GameObject: {fileID: 1331087357519480}
  m_LocalRotation: {x: 0.67551965, y: 0.737342, z: -3.78553e-18, w: -8.651282e-17}
  m_LocalPosition: {x: 10.635045, y: 29.08404, z: 0.00000043415284}
  m_LocalScale: {x: 1, y: 1, z: 1}
  m_Children:
  - {fileID: 4401155855087670}
  m_Father: {fileID: 4019815101120052}
  m_RootOrder: 2
  m_LocalEulerAnglesHint: {x: 0, y: 0, z: 0}
--- !u!4 &4208277667953230
Transform:
  m_ObjectHideFlags: 1
  m_PrefabParentObject: {fileID: 0}
  m_PrefabInternal: {fileID: 100100000}
  m_GameObject: {fileID: 1529482057106706}
  m_LocalRotation: {x: 0, y: -0, z: -0.0023255625, w: 0.9999973}
  m_LocalPosition: {x: -191.27191, y: -5.306866e-14, z: 0}
  m_LocalScale: {x: 1, y: 1, z: 1}
  m_Children: []
  m_Father: {fileID: 4570060932417828}
  m_RootOrder: 0
  m_LocalEulerAnglesHint: {x: 0, y: 0, z: 0}
--- !u!4 &4212859843584078
Transform:
  m_ObjectHideFlags: 1
  m_PrefabParentObject: {fileID: 0}
  m_PrefabInternal: {fileID: 100100000}
  m_GameObject: {fileID: 1186412871108978}
  m_LocalRotation: {x: 0.88931805, y: -0.0926282, z: -0.15125036, w: -0.4214936}
  m_LocalPosition: {x: -78.85249, y: -1.0258461e-13, z: -2.0317099e-16}
  m_LocalScale: {x: 1, y: 1, z: 1}
  m_Children:
  - {fileID: 4019815101120052}
  m_Father: {fileID: 4991579863070970}
  m_RootOrder: 0
  m_LocalEulerAnglesHint: {x: 0, y: 0, z: 0}
--- !u!4 &4218516128024434
Transform:
  m_ObjectHideFlags: 1
  m_PrefabParentObject: {fileID: 0}
  m_PrefabInternal: {fileID: 100100000}
  m_GameObject: {fileID: 1003143182475032}
  m_LocalRotation: {x: 0.99997056, y: 0.0076737166, z: 4.6987964e-19, w: 6.1230536e-17}
  m_LocalPosition: {x: -225.28136, y: -1.6653345e-14, z: -7.503376e-14}
  m_LocalScale: {x: 1, y: 1, z: 1}
  m_Children:
  - {fileID: 4568972750064114}
  m_Father: {fileID: 4355834756547322}
  m_RootOrder: 0
  m_LocalEulerAnglesHint: {x: 0, y: 0, z: 0}
--- !u!4 &4233465600615612
Transform:
  m_ObjectHideFlags: 1
  m_PrefabParentObject: {fileID: 0}
  m_PrefabInternal: {fileID: 100100000}
  m_GameObject: {fileID: 1890560084558278}
  m_LocalRotation: {x: -0.02821667, y: -0.7065436, z: -0.02821667, w: 0.7065436}
  m_LocalPosition: {x: -80.42541, y: -2.3270275e-13, z: 4.7378825e-14}
  m_LocalScale: {x: 1, y: 1, z: 1}
  m_Children: []
  m_Father: {fileID: 4469777591814734}
  m_RootOrder: 0
  m_LocalEulerAnglesHint: {x: 0, y: 0, z: 0}
--- !u!4 &4234023101960526
Transform:
  m_ObjectHideFlags: 1
  m_PrefabParentObject: {fileID: 0}
  m_PrefabInternal: {fileID: 100100000}
  m_GameObject: {fileID: 1293482579476626}
  m_LocalRotation: {x: 0, y: 0, z: 0.6639176, w: 0.7478057}
  m_LocalPosition: {x: 9.721144, y: -29.402077, z: -0.00000043741423}
  m_LocalScale: {x: 1, y: 1, z: 1}
  m_Children:
  - {fileID: 4633313807959678}
  m_Father: {fileID: 4019815101120052}
  m_RootOrder: 1
  m_LocalEulerAnglesHint: {x: 0, y: 0, z: 0}
--- !u!4 &4249072178242132
Transform:
  m_ObjectHideFlags: 1
  m_PrefabParentObject: {fileID: 0}
  m_PrefabInternal: {fileID: 100100000}
  m_GameObject: {fileID: 1534548764884672}
  m_LocalRotation: {x: -0.02821667, y: -0.7065436, z: -0.02821667, w: 0.7065436}
  m_LocalPosition: {x: -80.42541, y: -2.3270275e-13, z: 4.7378825e-14}
  m_LocalScale: {x: 1, y: 1, z: 1}
  m_Children: []
  m_Father: {fileID: 4007100236168264}
  m_RootOrder: 0
  m_LocalEulerAnglesHint: {x: 0, y: 0, z: 0}
--- !u!4 &4253201105880930
Transform:
  m_ObjectHideFlags: 1
  m_PrefabParentObject: {fileID: 0}
  m_PrefabInternal: {fileID: 100100000}
  m_GameObject: {fileID: 1788961603735164}
  m_LocalRotation: {x: -0.04899472, y: 0.60155326, z: 0.06472572, w: 0.7946973}
  m_LocalPosition: {x: -25.936867, y: 2.3980817e-14, z: 0}
  m_LocalScale: {x: 1, y: 1, z: 1}
  m_Children:
  - {fileID: 4570060932417828}
  m_Father: {fileID: 4074196531288562}
  m_RootOrder: 0
  m_LocalEulerAnglesHint: {x: 0, y: 0, z: 0}
--- !u!4 &4270714388550428
Transform:
  m_ObjectHideFlags: 1
  m_PrefabParentObject: {fileID: 0}
  m_PrefabInternal: {fileID: 100100000}
  m_GameObject: {fileID: 1452920171052166}
  m_LocalRotation: {x: 0, y: -0, z: -0.6884627, w: 0.7252718}
  m_LocalPosition: {x: -194.81793, y: -7.5250917e-13, z: 6.620753e-14}
  m_LocalScale: {x: 1, y: 1, z: 1}
  m_Children:
  - {fileID: 4806865441207800}
  m_Father: {fileID: 4911973001600022}
  m_RootOrder: 0
  m_LocalEulerAnglesHint: {x: 0, y: 0, z: 0}
--- !u!4 &4282376594078164
Transform:
  m_ObjectHideFlags: 1
  m_PrefabParentObject: {fileID: 0}
  m_PrefabInternal: {fileID: 100100000}
  m_GameObject: {fileID: 1586308815866714}
  m_LocalRotation: {x: 0, y: -0, z: -0.0023255625, w: 0.9999973}
  m_LocalPosition: {x: -191.27191, y: -5.306866e-14, z: 0}
  m_LocalScale: {x: 1, y: 1, z: 1}
  m_Children: []
  m_Father: {fileID: 4934144464625518}
  m_RootOrder: 0
  m_LocalEulerAnglesHint: {x: 0, y: 0, z: 0}
--- !u!4 &4319422555673558
Transform:
  m_ObjectHideFlags: 1
  m_PrefabParentObject: {fileID: 0}
  m_PrefabInternal: {fileID: 100100000}
  m_GameObject: {fileID: 1111656038197654}
  m_LocalRotation: {x: 0, y: -0, z: -0.027397836, w: 0.9996246}
  m_LocalPosition: {x: 149.72182, y: -0.00026738388, z: 0.000001220178}
  m_LocalScale: {x: 1, y: 1, z: 1}
  m_Children:
  - {fileID: 4423407839616832}
  m_Father: {fileID: 4401155855087670}
  m_RootOrder: 0
  m_LocalEulerAnglesHint: {x: 0, y: 0, z: 0}
--- !u!4 &4327042133152120
Transform:
  m_ObjectHideFlags: 1
  m_PrefabParentObject: {fileID: 0}
  m_PrefabInternal: {fileID: 100100000}
  m_GameObject: {fileID: 1042857085486870}
  m_LocalRotation: {x: 0, y: -0, z: -0.70301974, w: 0.7111704}
  m_LocalPosition: {x: -601.09436, y: -3.5527137e-15, z: 0}
  m_LocalScale: {x: 1, y: 1, z: 1}
  m_Children: []
  m_Father: {fileID: 4847411639907590}
  m_RootOrder: 0
  m_LocalEulerAnglesHint: {x: 0, y: 0, z: 0}
--- !u!4 &4328518332206076
Transform:
  m_ObjectHideFlags: 1
  m_PrefabParentObject: {fileID: 0}
  m_PrefabInternal: {fileID: 100100000}
  m_GameObject: {fileID: 1629000527306920}
  m_LocalRotation: {x: -0.02821667, y: -0.7065436, z: -0.02821667, w: 0.7065436}
  m_LocalPosition: {x: -80.42541, y: -2.3270275e-13, z: 4.7378825e-14}
  m_LocalScale: {x: 1, y: 1, z: 1}
  m_Children: []
  m_Father: {fileID: 4049407025110534}
  m_RootOrder: 0
  m_LocalEulerAnglesHint: {x: 0, y: 0, z: 0}
--- !u!4 &4341451182997844
Transform:
  m_ObjectHideFlags: 1
  m_PrefabParentObject: {fileID: 0}
  m_PrefabInternal: {fileID: 100100000}
  m_GameObject: {fileID: 1399408189632424}
  m_LocalRotation: {x: -0.38727406, y: 0.59162384, z: 0.5801549, w: 0.40425277}
  m_LocalPosition: {x: -0.7410881, y: 27.549341, z: -19.406628}
  m_LocalScale: {x: 1, y: 1, z: 1}
  m_Children:
  - {fileID: 4111182719537054}
  m_Father: {fileID: 4489589615034880}
  m_RootOrder: 1
  m_LocalEulerAnglesHint: {x: 0, y: 0, z: 0}
--- !u!4 &4355834756547322
Transform:
  m_ObjectHideFlags: 1
  m_PrefabParentObject: {fileID: 0}
  m_PrefabInternal: {fileID: 100100000}
  m_GameObject: {fileID: 1844279389440316}
  m_LocalRotation: {x: -0.39144146, y: 0.5888748, z: 0.5772863, w: 0.40833876}
  m_LocalPosition: {x: -2.2853274, y: -25.726915, z: -19.406628}
  m_LocalScale: {x: 1, y: 1, z: 1}
  m_Children:
  - {fileID: 4218516128024434}
  m_Father: {fileID: 4991579863070970}
  m_RootOrder: 2
  m_LocalEulerAnglesHint: {x: 0, y: 0, z: 0}
--- !u!4 &4357266113396204
Transform:
  m_ObjectHideFlags: 1
  m_PrefabParentObject: {fileID: 0}
  m_PrefabInternal: {fileID: 100100000}
  m_GameObject: {fileID: 1488057098537852}
  m_LocalRotation: {x: -0.02821667, y: -0.7065436, z: -0.02821667, w: 0.7065436}
  m_LocalPosition: {x: -80.42541, y: -2.3270275e-13, z: 4.7378825e-14}
  m_LocalScale: {x: 1, y: 1, z: 1}
  m_Children: []
  m_Father: {fileID: 4806865441207800}
  m_RootOrder: 0
  m_LocalEulerAnglesHint: {x: 0, y: 0, z: 0}
--- !u!4 &4360081057122856
Transform:
  m_ObjectHideFlags: 1
  m_PrefabParentObject: {fileID: 0}
  m_PrefabInternal: {fileID: 100100000}
  m_GameObject: {fileID: 1531083980016032}
  m_LocalRotation: {x: 0, y: 0, z: 0.017998243, w: 0.99983805}
  m_LocalPosition: {x: -91.480835, y: -8.881784e-16, z: 5.2904668e-14}
  m_LocalScale: {x: 1, y: 1, z: 1}
  m_Children:
  - {fileID: 4512593689080542}
  m_Father: {fileID: 4568972750064114}
  m_RootOrder: 0
  m_LocalEulerAnglesHint: {x: 0, y: 0, z: 0}
--- !u!4 &4364314770037494
Transform:
  m_ObjectHideFlags: 1
  m_PrefabParentObject: {fileID: 0}
  m_PrefabInternal: {fileID: 100100000}
  m_GameObject: {fileID: 1196342306172650}
  m_LocalRotation: {x: -0.020793071, y: 0.5510686, z: 0.1038555, w: 0.82771075}
  m_LocalPosition: {x: 25.93689, y: -0.00011661904, z: -5.674079e-12}
  m_LocalScale: {x: 1, y: 1, z: 1}
  m_Children:
  - {fileID: 4681709809460348}
  m_Father: {fileID: 4802348173854808}
  m_RootOrder: 0
  m_LocalEulerAnglesHint: {x: 0, y: 0, z: 0}
--- !u!4 &4374233165762076
Transform:
  m_ObjectHideFlags: 1
  m_PrefabParentObject: {fileID: 0}
  m_PrefabInternal: {fileID: 100100000}
  m_GameObject: {fileID: 1377811212023294}
  m_LocalRotation: {x: 0, y: -0, z: -0.6884627, w: 0.7252718}
  m_LocalPosition: {x: -194.81793, y: -7.5250917e-13, z: 6.620753e-14}
  m_LocalScale: {x: 1, y: 1, z: 1}
  m_Children:
  - {fileID: 4049407025110534}
  m_Father: {fileID: 4111182719537054}
  m_RootOrder: 0
  m_LocalEulerAnglesHint: {x: 0, y: 0, z: 0}
--- !u!4 &4398730393230456
Transform:
  m_ObjectHideFlags: 1
  m_PrefabParentObject: {fileID: 0}
  m_PrefabInternal: {fileID: 100100000}
  m_GameObject: {fileID: 1132730402583144}
  m_LocalRotation: {x: -0.06565571, y: 0.7040521, z: -0.06565571, w: 0.7040521}
  m_LocalPosition: {x: -232.74652, y: 67.21003, z: -447.94885}
  m_LocalScale: {x: 1, y: 1, z: 1}
  m_Children:
  - {fileID: 4427957786308214}
  m_Father: {fileID: 4977326416951898}
  m_RootOrder: 1
  m_LocalEulerAnglesHint: {x: 0, y: 0, z: 0}
--- !u!4 &4401155855087670
Transform:
  m_ObjectHideFlags: 1
  m_PrefabParentObject: {fileID: 0}
  m_PrefabInternal: {fileID: 100100000}
  m_GameObject: {fileID: 1269386770867530}
  m_LocalRotation: {x: -0.047109064, y: 0.5784015, z: 0.066110805, w: 0.811703}
  m_LocalPosition: {x: 25.93689, y: -0.00011661904, z: -5.674079e-12}
  m_LocalScale: {x: 1, y: 1, z: 1}
  m_Children:
  - {fileID: 4319422555673558}
  m_Father: {fileID: 4204458025857986}
  m_RootOrder: 0
  m_LocalEulerAnglesHint: {x: 0, y: 0, z: 0}
--- !u!4 &4402407885364242
Transform:
  m_ObjectHideFlags: 1
  m_PrefabParentObject: {fileID: 0}
  m_PrefabInternal: {fileID: 100100000}
  m_GameObject: {fileID: 1597808104173136}
  m_LocalRotation: {x: 0.899303, y: -0.00155819, z: -0.14287207, w: 0.41332707}
  m_LocalPosition: {x: -78.85249, y: -1.0258461e-13, z: -2.0317099e-16}
  m_LocalScale: {x: 1, y: 1, z: 1}
  m_Children:
  - {fileID: 4879551260205286}
  m_Father: {fileID: 4489589615034880}
  m_RootOrder: 0
  m_LocalEulerAnglesHint: {x: 0, y: 0, z: 0}
--- !u!4 &4423407839616832
Transform:
  m_ObjectHideFlags: 1
  m_PrefabParentObject: {fileID: 0}
  m_PrefabInternal: {fileID: 100100000}
  m_GameObject: {fileID: 1108521159966844}
  m_LocalRotation: {x: 0, y: -0, z: -0.0023255625, w: 0.9999973}
  m_LocalPosition: {x: 191.27206, y: 0.000372089, z: 0.0000014418747}
  m_LocalScale: {x: 1, y: 1, z: 1}
  m_Children: []
  m_Father: {fileID: 4319422555673558}
  m_RootOrder: 0
  m_LocalEulerAnglesHint: {x: 0, y: 0, z: 0}
--- !u!4 &4426892621500366
Transform:
  m_ObjectHideFlags: 1
  m_PrefabParentObject: {fileID: 0}
  m_PrefabInternal: {fileID: 100100000}
  m_GameObject: {fileID: 1408357437629528}
  m_LocalRotation: {x: -0.7042953, y: 0.7099071, z: -8.6594924e-17, w: -3.4362574e-19}
  m_LocalPosition: {x: -0.03823383, y: 0.041439533, z: -8.851093}
  m_LocalScale: {x: 0.01, y: 0.01, z: 0.01}
  m_Children:
  - {fileID: 4014256149440672}
  m_Father: {fileID: 4513363804837906}
  m_RootOrder: 1
  m_LocalEulerAnglesHint: {x: 0, y: 0, z: 0}
--- !u!4 &4427957786308214
Transform:
  m_ObjectHideFlags: 1
  m_PrefabParentObject: {fileID: 0}
  m_PrefabInternal: {fileID: 100100000}
  m_GameObject: {fileID: 1528678928568286}
  m_LocalRotation: {x: 0.06565573, y: -0.7040521, z: 0.06565573, w: 0.7040521}
  m_LocalPosition: {x: -1171.8828, y: 1.1368684e-13, z: 9.466331e-30}
  m_LocalScale: {x: 1, y: 1, z: 1}
  m_Children: []
  m_Father: {fileID: 4398730393230456}
  m_RootOrder: 0
  m_LocalEulerAnglesHint: {x: 0, y: 0, z: 0}
--- !u!4 &4459903709003384
Transform:
  m_ObjectHideFlags: 1
  m_PrefabParentObject: {fileID: 0}
  m_PrefabInternal: {fileID: 100100000}
  m_GameObject: {fileID: 1615142446087592}
  m_LocalRotation: {x: 0, y: 0, z: 0.017998243, w: 0.99983805}
  m_LocalPosition: {x: -91.480835, y: -8.881784e-16, z: 5.2904668e-14}
  m_LocalScale: {x: 1, y: 1, z: 1}
  m_Children:
  - {fileID: 4132687360237972}
  m_Father: {fileID: 4908074364503188}
  m_RootOrder: 0
  m_LocalEulerAnglesHint: {x: 0, y: 0, z: 0}
--- !u!4 &4461307149209996
Transform:
  m_ObjectHideFlags: 1
  m_PrefabParentObject: {fileID: 0}
  m_PrefabInternal: {fileID: 100100000}
  m_GameObject: {fileID: 1457610156635144}
  m_LocalRotation: {x: -0.70428604, y: 0.7098978, z: -0.0036415576, w: 0.003612771}
  m_LocalPosition: {x: 4.3014, y: 0.041439533, z: -4.1308846}
  m_LocalScale: {x: 0.01, y: 0.01, z: 0.01}
  m_Children:
  - {fileID: 4991579863070970}
  m_Father: {fileID: 4513363804837906}
  m_RootOrder: 3
  m_LocalEulerAnglesHint: {x: 0, y: 0, z: 0}
--- !u!4 &4462716019918002
Transform:
  m_ObjectHideFlags: 1
  m_PrefabParentObject: {fileID: 0}
  m_PrefabInternal: {fileID: 100100000}
  m_GameObject: {fileID: 1489973774871484}
  m_LocalRotation: {x: 0.67551965, y: 0.737342, z: -3.78553e-18, w: -8.651282e-17}
  m_LocalPosition: {x: 10.635045, y: 29.08404, z: 0.00000043415284}
  m_LocalScale: {x: 1, y: 1, z: 1}
  m_Children:
  - {fileID: 4113752261668014}
  m_Father: {fileID: 4780193880443450}
  m_RootOrder: 2
  m_LocalEulerAnglesHint: {x: 0, y: 0, z: 0}
--- !u!4 &4469777591814734
Transform:
  m_ObjectHideFlags: 1
  m_PrefabParentObject: {fileID: 0}
  m_PrefabInternal: {fileID: 100100000}
  m_GameObject: {fileID: 1912977637817472}
  m_LocalRotation: {x: 0, y: 0, z: 0.017998243, w: 0.99983805}
  m_LocalPosition: {x: -91.480835, y: -8.881784e-16, z: 5.2904668e-14}
  m_LocalScale: {x: 1, y: 1, z: 1}
  m_Children:
  - {fileID: 4233465600615612}
  m_Father: {fileID: 4699956100060120}
  m_RootOrder: 0
  m_LocalEulerAnglesHint: {x: 0, y: 0, z: 0}
--- !u!4 &4489589615034880
Transform:
  m_ObjectHideFlags: 1
  m_PrefabParentObject: {fileID: 0}
  m_PrefabInternal: {fileID: 100100000}
  m_GameObject: {fileID: 1616271896202024}
  m_LocalRotation: {x: 0.0008394, y: -0.07978394, z: 0.010486792, w: 0.9967567}
  m_LocalPosition: {x: -431.8068, y: -1.4654944e-14, z: -1.774937e-30}
  m_LocalScale: {x: 1, y: 1, z: 1}
  m_Children:
  - {fileID: 4402407885364242}
  - {fileID: 4341451182997844}
  - {fileID: 4870798128028004}
  m_Father: {fileID: 4051990954837794}
  m_RootOrder: 0
  m_LocalEulerAnglesHint: {x: 0, y: 0, z: 0}
--- !u!4 &4512593689080542
Transform:
  m_ObjectHideFlags: 1
  m_PrefabParentObject: {fileID: 0}
  m_PrefabInternal: {fileID: 100100000}
  m_GameObject: {fileID: 1898870791005886}
  m_LocalRotation: {x: -0.02821667, y: -0.7065436, z: -0.02821667, w: 0.7065436}
  m_LocalPosition: {x: -80.42541, y: -2.3270275e-13, z: 4.7378825e-14}
  m_LocalScale: {x: 1, y: 1, z: 1}
  m_Children: []
  m_Father: {fileID: 4360081057122856}
  m_RootOrder: 0
  m_LocalEulerAnglesHint: {x: 0, y: 0, z: 0}
--- !u!4 &4513363804837906
Transform:
  m_ObjectHideFlags: 1
  m_PrefabParentObject: {fileID: 0}
  m_PrefabInternal: {fileID: 100100000}
  m_GameObject: {fileID: 1662307389219126}
  m_LocalRotation: {x: 0, y: 0, z: 0, w: 1}
  m_LocalPosition: {x: -100.83, y: 1.1702118, z: -110.19641}
  m_LocalScale: {x: 0.5, y: 0.5, z: 0.5}
  m_Children:
  - {fileID: 4684682697927620}
  - {fileID: 4426892621500366}
  - {fileID: 4051990954837794}
  - {fileID: 4461307149209996}
  - {fileID: 4160197356697042}
  - {fileID: 4020685611687330}
  - {fileID: 4991237222511148}
  - {fileID: 4616690909054564}
  - {fileID: 224160508854453810}
  m_Father: {fileID: 0}
  m_RootOrder: 0
  m_LocalEulerAnglesHint: {x: 0, y: 0, z: 0}
--- !u!4 &4568972750064114
Transform:
  m_ObjectHideFlags: 1
  m_PrefabParentObject: {fileID: 0}
  m_PrefabInternal: {fileID: 100100000}
  m_GameObject: {fileID: 1031727310865228}
  m_LocalRotation: {x: 0, y: -0, z: -0.6884627, w: 0.7252718}
  m_LocalPosition: {x: -194.81793, y: -7.5250917e-13, z: 6.620753e-14}
  m_LocalScale: {x: 1, y: 1, z: 1}
  m_Children:
  - {fileID: 4360081057122856}
  m_Father: {fileID: 4218516128024434}
  m_RootOrder: 0
  m_LocalEulerAnglesHint: {x: 0, y: 0, z: 0}
--- !u!4 &4570060932417828
Transform:
  m_ObjectHideFlags: 1
  m_PrefabParentObject: {fileID: 0}
  m_PrefabInternal: {fileID: 100100000}
  m_GameObject: {fileID: 1822045192181146}
  m_LocalRotation: {x: 0, y: -0, z: -0.027397836, w: 0.9996246}
  m_LocalPosition: {x: -149.7219, y: -1.6697754e-13, z: 0}
  m_LocalScale: {x: 1, y: 1, z: 1}
  m_Children:
  - {fileID: 4208277667953230}
  m_Father: {fileID: 4253201105880930}
  m_RootOrder: 0
  m_LocalEulerAnglesHint: {x: 0, y: 0, z: 0}
--- !u!4 &4572785288569054
Transform:
  m_ObjectHideFlags: 1
  m_PrefabParentObject: {fileID: 0}
  m_PrefabInternal: {fileID: 100100000}
  m_GameObject: {fileID: 1536448726958532}
  m_LocalRotation: {x: 0.99997056, y: 0.0076737166, z: 4.6987964e-19, w: 6.1230536e-17}
  m_LocalPosition: {x: -225.28136, y: -1.6653345e-14, z: -7.503376e-14}
  m_LocalScale: {x: 1, y: 1, z: 1}
  m_Children:
  - {fileID: 4908074364503188}
  m_Father: {fileID: 4577078409218784}
  m_RootOrder: 0
  m_LocalEulerAnglesHint: {x: 0, y: 0, z: 0}
--- !u!4 &4577078409218784
Transform:
  m_ObjectHideFlags: 1
  m_PrefabParentObject: {fileID: 0}
  m_PrefabInternal: {fileID: 100100000}
  m_GameObject: {fileID: 1253970308070732}
  m_LocalRotation: {x: 0.5043222, y: 0.4956402, z: 0.51004404, w: -0.48975003}
  m_LocalPosition: {x: -0.7410881, y: 27.549341, z: -19.406628}
  m_LocalScale: {x: 1, y: 1, z: 1}
  m_Children:
  - {fileID: 4572785288569054}
  m_Father: {fileID: 4991579863070970}
  m_RootOrder: 1
  m_LocalEulerAnglesHint: {x: 0, y: 0, z: 0}
--- !u!4 &4616690909054564
Transform:
  m_ObjectHideFlags: 1
  m_PrefabParentObject: {fileID: 0}
  m_PrefabInternal: {fileID: 100100000}
  m_GameObject: {fileID: 1490247059780992}
  m_LocalRotation: {x: 0, y: -0, z: -0, w: 1}
  m_LocalPosition: {x: 0.97280186, y: -393.47818, z: -44.81994}
  m_LocalScale: {x: 0.01, y: 0.01, z: 0.01}
  m_Children: []
  m_Father: {fileID: 4513363804837906}
  m_RootOrder: 7
  m_LocalEulerAnglesHint: {x: 0, y: 0, z: 0}
--- !u!4 &4633313807959678
Transform:
  m_ObjectHideFlags: 1
  m_PrefabParentObject: {fileID: 0}
  m_PrefabInternal: {fileID: 100100000}
  m_GameObject: {fileID: 1579255433321350}
  m_LocalRotation: {x: -0.021810021, y: 0.58339584, z: 0.10135819, w: 0.80554336}
  m_LocalPosition: {x: -25.936867, y: 2.3980817e-14, z: 0}
  m_LocalScale: {x: 1, y: 1, z: 1}
  m_Children:
  - {fileID: 4934144464625518}
  m_Father: {fileID: 4234023101960526}
  m_RootOrder: 0
  m_LocalEulerAnglesHint: {x: 0, y: 0, z: 0}
--- !u!4 &4660722530711608
Transform:
  m_ObjectHideFlags: 1
  m_PrefabParentObject: {fileID: 0}
  m_PrefabInternal: {fileID: 100100000}
  m_GameObject: {fileID: 1940544275725202}
  m_LocalRotation: {x: 0, y: -0, z: -0.0023255625, w: 0.9999973}
  m_LocalPosition: {x: 191.27206, y: 0.000372089, z: 0.0000014418747}
  m_LocalScale: {x: 1, y: 1, z: 1}
  m_Children: []
  m_Father: {fileID: 4681709809460348}
  m_RootOrder: 0
  m_LocalEulerAnglesHint: {x: 0, y: 0, z: 0}
--- !u!4 &4681709809460348
Transform:
  m_ObjectHideFlags: 1
  m_PrefabParentObject: {fileID: 0}
  m_PrefabInternal: {fileID: 100100000}
  m_GameObject: {fileID: 1890156720095254}
  m_LocalRotation: {x: 0, y: -0, z: -0.027397836, w: 0.9996246}
  m_LocalPosition: {x: 149.72182, y: -0.00026738388, z: 0.000001220178}
  m_LocalScale: {x: 1, y: 1, z: 1}
  m_Children:
  - {fileID: 4660722530711608}
  m_Father: {fileID: 4364314770037494}
  m_RootOrder: 0
  m_LocalEulerAnglesHint: {x: 0, y: 0, z: 0}
--- !u!4 &4684682697927620
Transform:
  m_ObjectHideFlags: 1
  m_PrefabParentObject: {fileID: 0}
  m_PrefabInternal: {fileID: 100100000}
  m_GameObject: {fileID: 1065193848267352}
  m_LocalRotation: {x: 0.012687577, y: 0.9970379, z: -0.07585216, w: -0.0009652393}
  m_LocalPosition: {x: -2.4430518, y: 3.7192776, z: 1.3575281}
  m_LocalScale: {x: 0.01, y: 0.01, z: 0.01}
  m_Children:
  - {fileID: 4977326416951898}
  - {fileID: 4847411639907590}
  m_Father: {fileID: 4513363804837906}
  m_RootOrder: 0
  m_LocalEulerAnglesHint: {x: 0, y: 0, z: 0}
--- !u!4 &4699956100060120
Transform:
  m_ObjectHideFlags: 1
  m_PrefabParentObject: {fileID: 0}
  m_PrefabInternal: {fileID: 100100000}
  m_GameObject: {fileID: 1546067812547732}
  m_LocalRotation: {x: 0, y: -0, z: -0.6884627, w: 0.7252718}
  m_LocalPosition: {x: -194.81793, y: -7.5250917e-13, z: 6.620753e-14}
  m_LocalScale: {x: 1, y: 1, z: 1}
  m_Children:
  - {fileID: 4469777591814734}
  m_Father: {fileID: 4811012889941058}
  m_RootOrder: 0
  m_LocalEulerAnglesHint: {x: 0, y: 0, z: 0}
--- !u!4 &4709223992928220
Transform:
  m_ObjectHideFlags: 1
  m_PrefabParentObject: {fileID: 0}
  m_PrefabInternal: {fileID: 100100000}
  m_GameObject: {fileID: 1563002168775454}
  m_LocalRotation: {x: 0.9841398, y: -0.01955235, z: -0.17627922, w: -0.0035022185}
  m_LocalPosition: {x: -78.85249, y: -1.0258461e-13, z: -2.0317099e-16}
  m_LocalScale: {x: 1, y: 1, z: 1}
  m_Children:
  - {fileID: 4780193880443450}
  m_Father: {fileID: 4014256149440672}
  m_RootOrder: 0
  m_LocalEulerAnglesHint: {x: 0, y: 0, z: 0}
--- !u!4 &4735149343563786
Transform:
  m_ObjectHideFlags: 1
  m_PrefabParentObject: {fileID: 0}
  m_PrefabInternal: {fileID: 100100000}
  m_GameObject: {fileID: 1609200504925458}
  m_LocalRotation: {x: 0.30684164, y: -0.00071358134, z: -0.0022133784, w: 0.9517578}
  m_LocalPosition: {x: 191.27206, y: 0.000372089, z: 0.0000014418747}
  m_LocalScale: {x: 1, y: 1, z: 1}
  m_Children: []
  m_Father: {fileID: 4742871650340968}
  m_RootOrder: 0
  m_LocalEulerAnglesHint: {x: 0, y: 0, z: 0}
--- !u!4 &4742871650340968
Transform:
  m_ObjectHideFlags: 1
  m_PrefabParentObject: {fileID: 0}
  m_PrefabInternal: {fileID: 100100000}
  m_GameObject: {fileID: 1623491863786854}
  m_LocalRotation: {x: 0.24006991, y: 0.7359216, z: -0.38913283, w: 0.49936107}
  m_LocalPosition: {x: 149.72182, y: -0.00026738388, z: 0.000001220178}
  m_LocalScale: {x: 1, y: 1, z: 1}
  m_Children:
  - {fileID: 4735149343563786}
  m_Father: {fileID: 4113752261668014}
  m_RootOrder: 0
  m_LocalEulerAnglesHint: {x: 0, y: 0, z: 0}
--- !u!4 &4774688982205828
Transform:
  m_ObjectHideFlags: 1
  m_PrefabParentObject: {fileID: 0}
  m_PrefabInternal: {fileID: 100100000}
  m_GameObject: {fileID: 1193272349770876}
  m_LocalRotation: {x: 0.43730018, y: 0.5556695, z: 0.56810623, w: -0.42101702}
  m_LocalPosition: {x: -2.2853274, y: -25.726915, z: -19.406628}
  m_LocalScale: {x: 1, y: 1, z: 1}
  m_Children:
  - {fileID: 4811012889941058}
  m_Father: {fileID: 4014256149440672}
  m_RootOrder: 2
  m_LocalEulerAnglesHint: {x: 0, y: 0, z: 0}
--- !u!4 &4777675233779448
Transform:
  m_ObjectHideFlags: 1
  m_PrefabParentObject: {fileID: 0}
  m_PrefabInternal: {fileID: 100100000}
  m_GameObject: {fileID: 1711946101721300}
  m_LocalRotation: {x: 0.99997056, y: 0.0076737166, z: 4.6987964e-19, w: 6.1230536e-17}
  m_LocalPosition: {x: -225.28136, y: -1.6653345e-14, z: -7.503376e-14}
  m_LocalScale: {x: 1, y: 1, z: 1}
  m_Children:
  - {fileID: 4057656098495902}
  m_Father: {fileID: 4870798128028004}
  m_RootOrder: 0
  m_LocalEulerAnglesHint: {x: 0, y: 0, z: 0}
--- !u!4 &4780193880443450
Transform:
  m_ObjectHideFlags: 1
  m_PrefabParentObject: {fileID: 0}
  m_PrefabInternal: {fileID: 100100000}
  m_GameObject: {fileID: 1754495323049530}
  m_LocalRotation: {x: -0.0005879831, y: 0.24139893, z: 0.0023636904, w: 0.9704229}
  m_LocalPosition: {x: -106.240974, y: -1.8851587e-13, z: -2.4314187e-16}
  m_LocalScale: {x: 1, y: 1, z: 1}
  m_Children:
  - {fileID: 4970223813240128}
  - {fileID: 4858012491108888}
  - {fileID: 4462716019918002}
  m_Father: {fileID: 4709223992928220}
  m_RootOrder: 0
  m_LocalEulerAnglesHint: {x: 0, y: 0, z: 0}
--- !u!4 &4796238545901130
Transform:
  m_ObjectHideFlags: 1
  m_PrefabParentObject: {fileID: 0}
  m_PrefabInternal: {fileID: 100100000}
  m_GameObject: {fileID: 1112410766437354}
  m_LocalRotation: {x: -8.718924e-17, y: -8.598375e-17, z: 0.70301974, w: 0.7111704}
  m_LocalPosition: {x: 29.44647, y: 306.58972, z: -2.2006216}
  m_LocalScale: {x: 1, y: 1, z: 1}
  m_Children:
  - {fileID: 4943806834529698}
  m_Father: {fileID: 4977326416951898}
  m_RootOrder: 0
  m_LocalEulerAnglesHint: {x: 0, y: 0, z: 0}
--- !u!4 &4802348173854808
Transform:
  m_ObjectHideFlags: 1
  m_PrefabParentObject: {fileID: 0}
  m_PrefabInternal: {fileID: 100100000}
  m_GameObject: {fileID: 1558514886329074}
  m_LocalRotation: {x: 0.67551965, y: 0.737342, z: -3.78553e-18, w: -8.651282e-17}
  m_LocalPosition: {x: 10.635045, y: 29.08404, z: 0.00000043415284}
  m_LocalScale: {x: 1, y: 1, z: 1}
  m_Children:
  - {fileID: 4364314770037494}
  m_Father: {fileID: 4879551260205286}
  m_RootOrder: 2
  m_LocalEulerAnglesHint: {x: 0, y: 0, z: 0}
--- !u!4 &4806865441207800
Transform:
  m_ObjectHideFlags: 1
  m_PrefabParentObject: {fileID: 0}
  m_PrefabInternal: {fileID: 100100000}
  m_GameObject: {fileID: 1357192100217044}
  m_LocalRotation: {x: 0, y: 0, z: 0.017998243, w: 0.99983805}
  m_LocalPosition: {x: -91.480835, y: -8.881784e-16, z: 5.2904668e-14}
  m_LocalScale: {x: 1, y: 1, z: 1}
  m_Children:
  - {fileID: 4357266113396204}
  m_Father: {fileID: 4270714388550428}
  m_RootOrder: 0
  m_LocalEulerAnglesHint: {x: 0, y: 0, z: 0}
--- !u!4 &4811012889941058
Transform:
  m_ObjectHideFlags: 1
  m_PrefabParentObject: {fileID: 0}
  m_PrefabInternal: {fileID: 100100000}
  m_GameObject: {fileID: 1778886753868140}
  m_LocalRotation: {x: 0.99997056, y: 0.0076737166, z: 4.6987964e-19, w: 6.1230536e-17}
  m_LocalPosition: {x: -225.28136, y: -1.6653345e-14, z: -7.503376e-14}
  m_LocalScale: {x: 1, y: 1, z: 1}
  m_Children:
  - {fileID: 4699956100060120}
  m_Father: {fileID: 4774688982205828}
  m_RootOrder: 0
  m_LocalEulerAnglesHint: {x: 0, y: 0, z: 0}
--- !u!4 &4845519867618948
Transform:
  m_ObjectHideFlags: 1
  m_PrefabParentObject: {fileID: 0}
  m_PrefabInternal: {fileID: 100100000}
  m_GameObject: {fileID: 1125684519574120}
  m_LocalRotation: {x: -0.3401805, y: 0.23574768, z: 0.50676996, w: 0.7562304}
  m_LocalPosition: {x: -73.11677, y: -1.090017e-12, z: -0.0000000053075495}
  m_LocalScale: {x: 1, y: 1, z: 1}
  m_Children: []
  m_Father: {fileID: 4019815101120052}
  m_RootOrder: 0
  m_LocalEulerAnglesHint: {x: 0, y: 0, z: 0}
--- !u!4 &4847411639907590
Transform:
  m_ObjectHideFlags: 1
  m_PrefabParentObject: {fileID: 0}
  m_PrefabInternal: {fileID: 100100000}
  m_GameObject: {fileID: 1672046918448518}
  m_LocalRotation: {x: 0.7120119, y: 0.70216745, z: 4.3602318e-17, w: 4.299958e-17}
  m_LocalPosition: {x: 33.41833, y: 293.70944, z: 2.2006216}
  m_LocalScale: {x: 1, y: 1, z: 1}
  m_Children:
  - {fileID: 4327042133152120}
  m_Father: {fileID: 4684682697927620}
  m_RootOrder: 1
  m_LocalEulerAnglesHint: {x: 0, y: 0, z: 0}
--- !u!4 &4858012491108888
Transform:
  m_ObjectHideFlags: 1
  m_PrefabParentObject: {fileID: 0}
  m_PrefabInternal: {fileID: 100100000}
  m_GameObject: {fileID: 1666501748484232}
  m_LocalRotation: {x: 0, y: 0, z: 0.6639176, w: 0.7478057}
  m_LocalPosition: {x: 9.721144, y: -29.402077, z: -0.00000043741423}
  m_LocalScale: {x: 1, y: 1, z: 1}
  m_Children:
  - {fileID: 4113434982443378}
  m_Father: {fileID: 4780193880443450}
  m_RootOrder: 1
  m_LocalEulerAnglesHint: {x: 0, y: 0, z: 0}
--- !u!4 &4870798128028004
Transform:
  m_ObjectHideFlags: 1
  m_PrefabParentObject: {fileID: 0}
  m_PrefabInternal: {fileID: 100100000}
  m_GameObject: {fileID: 1248689371419380}
  m_LocalRotation: {x: 0.4087297, y: 0.57700956, z: 0.5886096, w: -0.39184028}
  m_LocalPosition: {x: -2.2853274, y: -25.726915, z: -19.406628}
  m_LocalScale: {x: 1, y: 1, z: 1}
  m_Children:
  - {fileID: 4777675233779448}
  m_Father: {fileID: 4489589615034880}
  m_RootOrder: 2
  m_LocalEulerAnglesHint: {x: 0, y: 0, z: 0}
--- !u!4 &4879551260205286
Transform:
  m_ObjectHideFlags: 1
  m_PrefabParentObject: {fileID: 0}
  m_PrefabInternal: {fileID: 100100000}
  m_GameObject: {fileID: 1129128054996710}
  m_LocalRotation: {x: -0.0005879831, y: 0.24139893, z: 0.0023636904, w: 0.9704229}
  m_LocalPosition: {x: -106.240974, y: -1.8851587e-13, z: -2.4314187e-16}
  m_LocalScale: {x: 1, y: 1, z: 1}
  m_Children:
  - {fileID: 4156113931586298}
  - {fileID: 4074196531288562}
  - {fileID: 4802348173854808}
  m_Father: {fileID: 4402407885364242}
  m_RootOrder: 0
  m_LocalEulerAnglesHint: {x: 0, y: 0, z: 0}
--- !u!4 &4881517712892260
Transform:
  m_ObjectHideFlags: 1
  m_PrefabParentObject: {fileID: 0}
  m_PrefabInternal: {fileID: 100100000}
  m_GameObject: {fileID: 1479029225178816}
  m_LocalRotation: {x: -0.31546447, y: 0.6328366, z: 0.6234309, w: 0.33366737}
  m_LocalPosition: {x: -0.7410881, y: 27.549341, z: -19.406628}
  m_LocalScale: {x: 1, y: 1, z: 1}
  m_Children:
  - {fileID: 4911973001600022}
  m_Father: {fileID: 4014256149440672}
  m_RootOrder: 1
  m_LocalEulerAnglesHint: {x: 0, y: 0, z: 0}
--- !u!4 &4908074364503188
Transform:
  m_ObjectHideFlags: 1
  m_PrefabParentObject: {fileID: 0}
  m_PrefabInternal: {fileID: 100100000}
  m_GameObject: {fileID: 1336517360851610}
  m_LocalRotation: {x: 0, y: -0, z: -0.6884627, w: 0.7252718}
  m_LocalPosition: {x: -194.81793, y: -7.5250917e-13, z: 6.620753e-14}
  m_LocalScale: {x: 1, y: 1, z: 1}
  m_Children:
  - {fileID: 4459903709003384}
  m_Father: {fileID: 4572785288569054}
  m_RootOrder: 0
  m_LocalEulerAnglesHint: {x: 0, y: 0, z: 0}
--- !u!4 &4911973001600022
Transform:
  m_ObjectHideFlags: 1
  m_PrefabParentObject: {fileID: 0}
  m_PrefabInternal: {fileID: 100100000}
  m_GameObject: {fileID: 1398709736672752}
  m_LocalRotation: {x: 0.99997056, y: 0.0076737166, z: 4.6987964e-19, w: 6.1230536e-17}
  m_LocalPosition: {x: -225.28136, y: -1.6653345e-14, z: -7.503376e-14}
  m_LocalScale: {x: 1, y: 1, z: 1}
  m_Children:
  - {fileID: 4270714388550428}
  m_Father: {fileID: 4881517712892260}
  m_RootOrder: 0
  m_LocalEulerAnglesHint: {x: 0, y: 0, z: 0}
--- !u!4 &4934144464625518
Transform:
  m_ObjectHideFlags: 1
  m_PrefabParentObject: {fileID: 0}
  m_PrefabInternal: {fileID: 100100000}
  m_GameObject: {fileID: 1001725496473602}
  m_LocalRotation: {x: 0, y: -0, z: -0.027397836, w: 0.9996246}
  m_LocalPosition: {x: -149.7219, y: -1.6697754e-13, z: 0}
  m_LocalScale: {x: 1, y: 1, z: 1}
  m_Children:
  - {fileID: 4282376594078164}
  m_Father: {fileID: 4633313807959678}
  m_RootOrder: 0
  m_LocalEulerAnglesHint: {x: 0, y: 0, z: 0}
--- !u!4 &4943806834529698
Transform:
  m_ObjectHideFlags: 1
  m_PrefabParentObject: {fileID: 0}
  m_PrefabInternal: {fileID: 100100000}
  m_GameObject: {fileID: 1342195855452274}
  m_LocalRotation: {x: 0, y: -0, z: -0.70301974, w: 0.7111704}
  m_LocalPosition: {x: -601.09436, y: -3.5527137e-15, z: 0}
  m_LocalScale: {x: 1, y: 1, z: 1}
  m_Children: []
  m_Father: {fileID: 4796238545901130}
  m_RootOrder: 0
  m_LocalEulerAnglesHint: {x: 0, y: 0, z: 0}
--- !u!4 &4968754767956610
Transform:
  m_ObjectHideFlags: 1
  m_PrefabParentObject: {fileID: 0}
  m_PrefabInternal: {fileID: 100100000}
  m_GameObject: {fileID: 1295176587023030}
  m_LocalRotation: {x: 0.01288495, y: 0.47011426, z: -0.024178905, w: 0.8821802}
  m_LocalPosition: {x: -149.7219, y: -1.6697754e-13, z: 0}
  m_LocalScale: {x: 1, y: 1, z: 1}
  m_Children:
  - {fileID: 4134256769287570}
  m_Father: {fileID: 4113434982443378}
  m_RootOrder: 0
  m_LocalEulerAnglesHint: {x: 0, y: 0, z: 0}
--- !u!4 &4970223813240128
Transform:
  m_ObjectHideFlags: 1
  m_PrefabParentObject: {fileID: 0}
  m_PrefabInternal: {fileID: 100100000}
  m_GameObject: {fileID: 1741390445520780}
  m_LocalRotation: {x: 0, y: 0, z: 0.70156145, w: 0.71260893}
  m_LocalPosition: {x: -73.11677, y: -1.090017e-12, z: -0.0000000053075495}
  m_LocalScale: {x: 1, y: 1, z: 1}
  m_Children: []
  m_Father: {fileID: 4780193880443450}
  m_RootOrder: 0
  m_LocalEulerAnglesHint: {x: 0, y: 0, z: 0}
--- !u!4 &4977326416951898
Transform:
  m_ObjectHideFlags: 1
  m_PrefabParentObject: {fileID: 0}
  m_PrefabInternal: {fileID: 100100000}
  m_GameObject: {fileID: 1461880920922476}
  m_LocalRotation: {x: 0.01272424, y: 0.99991906, z: -6.044825e-17, w: -6.200652e-17}
  m_LocalPosition: {x: -476.49426, y: 4.1033843e-13, z: -5.835372e-14}
  m_LocalScale: {x: 1, y: 1, z: 1}
  m_Children:
  - {fileID: 4796238545901130}
  - {fileID: 4398730393230456}
  m_Father: {fileID: 4684682697927620}
  m_RootOrder: 0
  m_LocalEulerAnglesHint: {x: 0, y: 0, z: 0}
--- !u!4 &4991237222511148
Transform:
  m_ObjectHideFlags: 1
  m_PrefabParentObject: {fileID: 0}
  m_PrefabInternal: {fileID: 100100000}
  m_GameObject: {fileID: 1625832092133286}
  m_LocalRotation: {x: 0, y: -0, z: -0, w: 1}
  m_LocalPosition: {x: 0.97280186, y: -393.47818, z: -44.81994}
  m_LocalScale: {x: 0.01, y: 0.01, z: 0.01}
  m_Children: []
  m_Father: {fileID: 4513363804837906}
  m_RootOrder: 6
  m_LocalEulerAnglesHint: {x: 0, y: 0, z: 0}
--- !u!4 &4991579863070970
Transform:
  m_ObjectHideFlags: 1
  m_PrefabParentObject: {fileID: 0}
  m_PrefabInternal: {fileID: 100100000}
  m_GameObject: {fileID: 1357110849500668}
  m_LocalRotation: {x: 0.0008394, y: -0.07978394, z: 0.010486792, w: 0.9967567}
  m_LocalPosition: {x: -431.8068, y: -1.4654944e-14, z: -1.774937e-30}
  m_LocalScale: {x: 1, y: 1, z: 1}
  m_Children:
  - {fileID: 4212859843584078}
  - {fileID: 4577078409218784}
  - {fileID: 4355834756547322}
  m_Father: {fileID: 4461307149209996}
  m_RootOrder: 0
  m_LocalEulerAnglesHint: {x: 0, y: 0, z: 0}
--- !u!54 &54792416260911846
Rigidbody:
  m_ObjectHideFlags: 1
  m_PrefabParentObject: {fileID: 0}
  m_PrefabInternal: {fileID: 100100000}
  m_GameObject: {fileID: 1662307389219126}
  serializedVersion: 2
  m_Mass: 1
  m_Drag: 0
  m_AngularDrag: 0.05
  m_UseGravity: 1
  m_IsKinematic: 0
  m_Interpolate: 0
  m_Constraints: 80
  m_CollisionDetection: 1
--- !u!65 &65096213984883106
BoxCollider:
  m_ObjectHideFlags: 1
  m_PrefabParentObject: {fileID: 0}
  m_PrefabInternal: {fileID: 100100000}
  m_GameObject: {fileID: 1662307389219126}
  m_Material: {fileID: 0}
  m_IsTrigger: 0
  m_Enabled: 0
  serializedVersion: 2
  m_Size: {x: 10, y: 10, z: 20.05}
  m_Center: {x: 0, y: 5.46, z: -1.96}
--- !u!95 &95607448215000914
Animator:
  serializedVersion: 3
  m_ObjectHideFlags: 1
  m_PrefabParentObject: {fileID: 0}
  m_PrefabInternal: {fileID: 100100000}
  m_GameObject: {fileID: 1662307389219126}
  m_Enabled: 1
  m_Avatar: {fileID: 9000000, guid: 621db01f52f932747a1fc0b49e77205f, type: 3}
  m_Controller: {fileID: 9100000, guid: 574fa74c53ef94f4883f77978a827645, type: 2}
  m_CullingMode: 1
  m_UpdateMode: 0
  m_ApplyRootMotion: 0
  m_LinearVelocityBlending: 0
  m_WarningMessage: 
  m_HasTransformHierarchy: 1
  m_AllowConstantClipSamplingOptimization: 1
--- !u!114 &114047681841188918
MonoBehaviour:
  m_ObjectHideFlags: 1
  m_PrefabParentObject: {fileID: 0}
  m_PrefabInternal: {fileID: 100100000}
  m_GameObject: {fileID: 1662307389219126}
  m_Enabled: 1
  m_EditorHideFlags: 0
  m_Script: {fileID: 11500000, guid: 71af929ff3cd5a749ab5ed1d671270d1, type: 3}
  m_Name: 
  m_EditorClassIdentifier: 
  attackRange: 0
  meleeProximity: 20
  meleeInRange: 0
  attackDamage: 4
  attackTarget: {fileID: 0}
  deviation: 4
  points: []
  path: {fileID: 0}
  movSpeed: 5
  rotSpeed: 5
  proximityError: 4
  deviationVec: {x: 0, y: 0, z: 0}
--- !u!114 &114079340047683592
MonoBehaviour:
  m_ObjectHideFlags: 1
  m_PrefabParentObject: {fileID: 0}
  m_PrefabInternal: {fileID: 100100000}
  m_GameObject: {fileID: 1840304112154304}
  m_Enabled: 1
  m_EditorHideFlags: 0
  m_Script: {fileID: -765806418, guid: f70555f144d8491a825f0804e09c671c, type: 3}
  m_Name: 
  m_EditorClassIdentifier: 
  m_Material: {fileID: 0}
  m_Color: {r: 0.66176474, g: 0.029195491, b: 0.029195491, a: 1}
  m_RaycastTarget: 1
  m_OnCullStateChanged:
    m_PersistentCalls:
      m_Calls: []
    m_TypeName: UnityEngine.UI.MaskableGraphic+CullStateChangedEvent, UnityEngine.UI,
      Version=1.0.0.0, Culture=neutral, PublicKeyToken=null
  m_Sprite: {fileID: 21300000, guid: 72f5f9a9eae1c364fb2e22f1a3e05be6, type: 3}
  m_Type: 3
  m_PreserveAspect: 1
  m_FillCenter: 1
  m_FillMethod: 0
  m_FillAmount: 1
  m_FillClockwise: 1
  m_FillOrigin: 0
--- !u!114 &114249413670219020
MonoBehaviour:
  m_ObjectHideFlags: 1
  m_PrefabParentObject: {fileID: 0}
  m_PrefabInternal: {fileID: 100100000}
  m_GameObject: {fileID: 1806505198396964}
  m_Enabled: 0
  m_EditorHideFlags: 0
  m_Script: {fileID: 1980459831, guid: f70555f144d8491a825f0804e09c671c, type: 3}
  m_Name: 
  m_EditorClassIdentifier: 
  m_UiScaleMode: 0
  m_ReferencePixelsPerUnit: 100
  m_ScaleFactor: 1
  m_ReferenceResolution: {x: 800, y: 600}
  m_ScreenMatchMode: 0
  m_MatchWidthOrHeight: 0
  m_PhysicalUnit: 3
  m_FallbackScreenDPI: 96
  m_DefaultSpriteDPI: 96
  m_DynamicPixelsPerUnit: 1
--- !u!114 &114307039311495780
MonoBehaviour:
  m_ObjectHideFlags: 1
  m_PrefabParentObject: {fileID: 0}
  m_PrefabInternal: {fileID: 100100000}
  m_GameObject: {fileID: 1185703135604666}
  m_Enabled: 1
  m_EditorHideFlags: 0
  m_Script: {fileID: -765806418, guid: f70555f144d8491a825f0804e09c671c, type: 3}
  m_Name: 
  m_EditorClassIdentifier: 
  m_Material: {fileID: 0}
  m_Color: {r: 1, g: 1, b: 1, a: 1}
  m_RaycastTarget: 1
  m_OnCullStateChanged:
    m_PersistentCalls:
      m_Calls: []
    m_TypeName: UnityEngine.UI.MaskableGraphic+CullStateChangedEvent, UnityEngine.UI,
      Version=1.0.0.0, Culture=neutral, PublicKeyToken=null
  m_Sprite: {fileID: 21300000, guid: 11d8d4f94ee2b3a46822f8ac1e4491d5, type: 3}
  m_Type: 0
  m_PreserveAspect: 1
  m_FillCenter: 1
  m_FillMethod: 4
  m_FillAmount: 1
  m_FillClockwise: 1
  m_FillOrigin: 0
--- !u!114 &114469066059952504
MonoBehaviour:
  m_ObjectHideFlags: 1
  m_PrefabParentObject: {fileID: 0}
  m_PrefabInternal: {fileID: 100100000}
  m_GameObject: {fileID: 1806505198396964}
  m_Enabled: 1
  m_EditorHideFlags: 0
  m_Script: {fileID: 11500000, guid: 2a612762a14124542a881fc70876617e, type: 3}
  m_Name: 
  m_EditorClassIdentifier: 
  startingRotation: {x: 0, y: 0, z: 0}
--- !u!114 &114500932983271436
MonoBehaviour:
  m_ObjectHideFlags: 1
  m_PrefabParentObject: {fileID: 0}
  m_PrefabInternal: {fileID: 100100000}
  m_GameObject: {fileID: 1662307389219126}
  m_Enabled: 1
  m_EditorHideFlags: 0
  m_Script: {fileID: 11500000, guid: 6b161f148073ec847b2330f60a125990, type: 3}
  m_Name: 
  m_EditorClassIdentifier: 
  attack: event:/EnemyAttack
  step: event:/UnitStep
  horseStep: event:/HorseStep
  goldGained: event:/Gold
  towerShot: event:/TowerShot
  construction: event:/Construction
  deathSound: event:/Death
--- !u!114 &114561004407607916
MonoBehaviour:
  m_ObjectHideFlags: 1
  m_PrefabParentObject: {fileID: 0}
  m_PrefabInternal: {fileID: 100100000}
  m_GameObject: {fileID: 1806505198396964}
  m_Enabled: 1
  m_EditorHideFlags: 0
  m_Script: {fileID: 11500000, guid: 4661add084e1ba34f9a42b13d5cc9844, type: 3}
  m_Name: 
  m_EditorClassIdentifier: 
  healthBar: {fileID: 0}
  parentUnit: {fileID: 0}
  parentAttackerUnit: {fileID: 0}
  healthInit: 0
  healthPerc: 0
--- !u!114 &114590974818687932
MonoBehaviour:
  m_ObjectHideFlags: 1
  m_PrefabParentObject: {fileID: 0}
  m_PrefabInternal: {fileID: 100100000}
  m_GameObject: {fileID: 1662307389219126}
  m_Enabled: 1
  m_EditorHideFlags: 0
  m_Script: {fileID: 11500000, guid: c8f8c2c811656434ea07da90bd4b0620, type: 3}
  m_Name: 
  m_EditorClassIdentifier: 
--- !u!114 &114800886468022404
MonoBehaviour:
  m_ObjectHideFlags: 1
  m_PrefabParentObject: {fileID: 0}
  m_PrefabInternal: {fileID: 100100000}
  m_GameObject: {fileID: 1662307389219126}
  m_Enabled: 1
  m_EditorHideFlags: 0
  m_Script: {fileID: 11500000, guid: 3529d754b0a6e574191f528eee7354ab, type: 3}
  m_Name: 
  m_EditorClassIdentifier: 
  health: 5
  goldReward: 0
  hasGivenGold: 0
  spawnerManager: {fileID: 0}
--- !u!114 &114822337558872476
MonoBehaviour:
  m_ObjectHideFlags: 1
  m_PrefabParentObject: {fileID: 0}
  m_PrefabInternal: {fileID: 100100000}
  m_GameObject: {fileID: 1806505198396964}
  m_Enabled: 1
  m_EditorHideFlags: 0
  m_Script: {fileID: 1301386320, guid: f70555f144d8491a825f0804e09c671c, type: 3}
  m_Name: 
  m_EditorClassIdentifier: 
  m_IgnoreReversedGraphics: 0
  m_BlockingObjects: 0
  m_BlockingMask:
    serializedVersion: 2
    m_Bits: 0
--- !u!136 &136589910891616972
CapsuleCollider:
  m_ObjectHideFlags: 1
  m_PrefabParentObject: {fileID: 0}
  m_PrefabInternal: {fileID: 100100000}
  m_GameObject: {fileID: 1662307389219126}
  m_Material: {fileID: 0}
  m_IsTrigger: 0
  m_Enabled: 1
  m_Radius: 5.6368375
  m_Height: 20.65149
  m_Direction: 2
  m_Center: {x: 0.5757632, y: 4.8588095, z: -2.2700005}
--- !u!137 &137252423772382310
SkinnedMeshRenderer:
  m_ObjectHideFlags: 1
  m_PrefabParentObject: {fileID: 0}
  m_PrefabInternal: {fileID: 100100000}
  m_GameObject: {fileID: 1625832092133286}
  m_Enabled: 1
  m_CastShadows: 1
  m_ReceiveShadows: 1
  m_DynamicOccludee: 1
  m_MotionVectors: 1
  m_LightProbeUsage: 1
  m_ReflectionProbeUsage: 1
  m_Materials:
  - {fileID: 2100000, guid: 75141ac42d8a91941a10961c35fed6a6, type: 2}
  m_StaticBatchInfo:
    firstSubMesh: 0
    subMeshCount: 0
  m_StaticBatchRoot: {fileID: 0}
  m_ProbeAnchor: {fileID: 0}
  m_LightProbeVolumeOverride: {fileID: 0}
  m_ScaleInLightmap: 1
  m_PreserveUVs: 0
  m_IgnoreNormalsForChartDetection: 0
  m_ImportantGI: 0
  m_StitchLightmapSeams: 0
  m_SelectedEditorRenderState: 3
  m_MinimumChartSize: 4
  m_AutoUVMaxDistance: 0.5
  m_AutoUVMaxAngle: 89
  m_LightmapParameters: {fileID: 0}
  m_SortingLayerID: 0
  m_SortingLayer: 0
  m_SortingOrder: 0
  serializedVersion: 2
  m_Quality: 0
  m_UpdateWhenOffscreen: 0
  m_SkinnedMotionVectors: 1
  m_Mesh: {fileID: 4300004, guid: 621db01f52f932747a1fc0b49e77205f, type: 3}
  m_Bones:
  - {fileID: 4051990954837794}
  - {fileID: 4489589615034880}
  - {fileID: 4402407885364242}
  - {fileID: 4879551260205286}
  - {fileID: 4156113931586298}
  - {fileID: 4074196531288562}
  - {fileID: 4253201105880930}
  - {fileID: 4570060932417828}
  - {fileID: 4208277667953230}
  - {fileID: 4802348173854808}
  - {fileID: 4364314770037494}
  - {fileID: 4681709809460348}
  - {fileID: 4660722530711608}
  - {fileID: 4341451182997844}
  - {fileID: 4111182719537054}
  - {fileID: 4374233165762076}
  - {fileID: 4049407025110534}
  - {fileID: 4328518332206076}
  - {fileID: 4870798128028004}
  - {fileID: 4777675233779448}
  - {fileID: 4057656098495902}
  - {fileID: 4007100236168264}
  - {fileID: 4249072178242132}
  m_BlendShapeWeights: []
  m_RootBone: {fileID: 4051990954837794}
  m_AABB:
    m_Center: {x: -493.70493, y: -87.41085, z: -41.809174}
    m_Extent: {x: 332.26712, y: 266.62088, z: 442.56534}
  m_DirtyAABB: 0
--- !u!137 &137443837745925530
SkinnedMeshRenderer:
  m_ObjectHideFlags: 1
  m_PrefabParentObject: {fileID: 0}
  m_PrefabInternal: {fileID: 100100000}
  m_GameObject: {fileID: 1490247059780992}
  m_Enabled: 1
  m_CastShadows: 1
  m_ReceiveShadows: 1
  m_DynamicOccludee: 1
  m_MotionVectors: 1
  m_LightProbeUsage: 1
  m_ReflectionProbeUsage: 1
  m_Materials:
  - {fileID: 2100000, guid: 75141ac42d8a91941a10961c35fed6a6, type: 2}
  m_StaticBatchInfo:
    firstSubMesh: 0
    subMeshCount: 0
  m_StaticBatchRoot: {fileID: 0}
  m_ProbeAnchor: {fileID: 0}
  m_LightProbeVolumeOverride: {fileID: 0}
  m_ScaleInLightmap: 1
  m_PreserveUVs: 0
  m_IgnoreNormalsForChartDetection: 0
  m_ImportantGI: 0
  m_StitchLightmapSeams: 0
  m_SelectedEditorRenderState: 3
  m_MinimumChartSize: 4
  m_AutoUVMaxDistance: 0.5
  m_AutoUVMaxAngle: 89
  m_LightmapParameters: {fileID: 0}
  m_SortingLayerID: 0
  m_SortingLayer: 0
  m_SortingOrder: 0
  serializedVersion: 2
  m_Quality: 0
  m_UpdateWhenOffscreen: 0
  m_SkinnedMotionVectors: 1
  m_Mesh: {fileID: 4300006, guid: 621db01f52f932747a1fc0b49e77205f, type: 3}
  m_Bones:
  - {fileID: 4461307149209996}
  - {fileID: 4991579863070970}
  - {fileID: 4212859843584078}
  - {fileID: 4019815101120052}
  - {fileID: 4845519867618948}
  - {fileID: 4234023101960526}
  - {fileID: 4633313807959678}
  - {fileID: 4934144464625518}
  - {fileID: 4282376594078164}
  - {fileID: 4204458025857986}
  - {fileID: 4401155855087670}
  - {fileID: 4319422555673558}
  - {fileID: 4423407839616832}
  - {fileID: 4577078409218784}
  - {fileID: 4572785288569054}
  - {fileID: 4908074364503188}
  - {fileID: 4459903709003384}
  - {fileID: 4132687360237972}
  - {fileID: 4355834756547322}
  - {fileID: 4218516128024434}
  - {fileID: 4568972750064114}
  - {fileID: 4360081057122856}
  - {fileID: 4512593689080542}
  m_BlendShapeWeights: []
  m_RootBone: {fileID: 4461307149209996}
  m_AABB:
    m_Center: {x: -420.4156, y: 77.64941, z: -38.325317}
    m_Extent: {x: 418.00604, y: 264.97174, z: 439.82687}
  m_DirtyAABB: 0
--- !u!137 &137904007355852054
SkinnedMeshRenderer:
  m_ObjectHideFlags: 1
  m_PrefabParentObject: {fileID: 0}
  m_PrefabInternal: {fileID: 100100000}
  m_GameObject: {fileID: 1823731141379964}
  m_Enabled: 1
  m_CastShadows: 1
  m_ReceiveShadows: 1
  m_DynamicOccludee: 1
  m_MotionVectors: 1
  m_LightProbeUsage: 1
  m_ReflectionProbeUsage: 1
  m_Materials:
  - {fileID: 2100000, guid: 75141ac42d8a91941a10961c35fed6a6, type: 2}
  m_StaticBatchInfo:
    firstSubMesh: 0
    subMeshCount: 0
  m_StaticBatchRoot: {fileID: 0}
  m_ProbeAnchor: {fileID: 0}
  m_LightProbeVolumeOverride: {fileID: 0}
  m_ScaleInLightmap: 1
  m_PreserveUVs: 0
  m_IgnoreNormalsForChartDetection: 0
  m_ImportantGI: 0
  m_StitchLightmapSeams: 0
  m_SelectedEditorRenderState: 3
  m_MinimumChartSize: 4
  m_AutoUVMaxDistance: 0.5
  m_AutoUVMaxAngle: 89
  m_LightmapParameters: {fileID: 0}
  m_SortingLayerID: 0
  m_SortingLayer: 0
  m_SortingOrder: 0
  serializedVersion: 2
  m_Quality: 0
  m_UpdateWhenOffscreen: 0
  m_SkinnedMotionVectors: 1
  m_Mesh: {fileID: 4300002, guid: 621db01f52f932747a1fc0b49e77205f, type: 3}
  m_Bones:
  - {fileID: 4426892621500366}
  - {fileID: 4014256149440672}
  - {fileID: 4709223992928220}
  - {fileID: 4780193880443450}
  - {fileID: 4970223813240128}
  - {fileID: 4858012491108888}
  - {fileID: 4113434982443378}
  - {fileID: 4968754767956610}
  - {fileID: 4134256769287570}
  - {fileID: 4462716019918002}
  - {fileID: 4113752261668014}
  - {fileID: 4742871650340968}
  - {fileID: 4735149343563786}
  - {fileID: 4881517712892260}
  - {fileID: 4911973001600022}
  - {fileID: 4270714388550428}
  - {fileID: 4806865441207800}
  - {fileID: 4357266113396204}
  - {fileID: 4774688982205828}
  - {fileID: 4811012889941058}
  - {fileID: 4699956100060120}
  - {fileID: 4469777591814734}
  - {fileID: 4233465600615612}
  m_BlendShapeWeights: []
  m_RootBone: {fileID: 4426892621500366}
  m_AABB:
    m_Center: {x: -451.7351, y: -15.717857, z: -59.24446}
    m_Extent: {x: 372.3999, y: 180.1586, z: 429.43042}
  m_DirtyAABB: 0
--- !u!137 &137934210872012050
SkinnedMeshRenderer:
  m_ObjectHideFlags: 1
  m_PrefabParentObject: {fileID: 0}
  m_PrefabInternal: {fileID: 100100000}
  m_GameObject: {fileID: 1434233844796734}
  m_Enabled: 1
  m_CastShadows: 1
  m_ReceiveShadows: 1
  m_DynamicOccludee: 1
  m_MotionVectors: 1
  m_LightProbeUsage: 1
  m_ReflectionProbeUsage: 1
  m_Materials:
  - {fileID: 2100000, guid: e72af03366056894085e5efa1e15b4c3, type: 2}
  m_StaticBatchInfo:
    firstSubMesh: 0
    subMeshCount: 0
  m_StaticBatchRoot: {fileID: 0}
  m_ProbeAnchor: {fileID: 0}
  m_LightProbeVolumeOverride: {fileID: 0}
  m_ScaleInLightmap: 1
  m_PreserveUVs: 0
  m_IgnoreNormalsForChartDetection: 0
  m_ImportantGI: 0
  m_StitchLightmapSeams: 0
  m_SelectedEditorRenderState: 3
  m_MinimumChartSize: 4
  m_AutoUVMaxDistance: 0.5
  m_AutoUVMaxAngle: 89
  m_LightmapParameters: {fileID: 0}
  m_SortingLayerID: 0
  m_SortingLayer: 0
  m_SortingOrder: 0
  serializedVersion: 2
  m_Quality: 0
  m_UpdateWhenOffscreen: 0
  m_SkinnedMotionVectors: 1
  m_Mesh: {fileID: 4300000, guid: 621db01f52f932747a1fc0b49e77205f, type: 3}
  m_Bones:
  - {fileID: 4684682697927620}
  - {fileID: 4977326416951898}
  - {fileID: 4796238545901130}
  - {fileID: 4943806834529698}
  - {fileID: 4398730393230456}
  - {fileID: 4427957786308214}
  - {fileID: 4847411639907590}
  - {fileID: 4327042133152120}
  m_BlendShapeWeights: []
  m_RootBone: {fileID: 4684682697927620}
  m_AABB:
    m_Center: {x: -242.30612, y: 30.091034, z: -144.41254}
    m_Extent: {x: 291.42947, y: 440.5513, z: 662.70355}
  m_DirtyAABB: 0
--- !u!222 &222337492612229086
CanvasRenderer:
  m_ObjectHideFlags: 1
  m_PrefabParentObject: {fileID: 0}
  m_PrefabInternal: {fileID: 100100000}
  m_GameObject: {fileID: 1185703135604666}
--- !u!222 &222604394148575506
CanvasRenderer:
  m_ObjectHideFlags: 1
  m_PrefabParentObject: {fileID: 0}
  m_PrefabInternal: {fileID: 100100000}
  m_GameObject: {fileID: 1840304112154304}
--- !u!223 &223347433878727438
Canvas:
  m_ObjectHideFlags: 1
  m_PrefabParentObject: {fileID: 0}
  m_PrefabInternal: {fileID: 100100000}
  m_GameObject: {fileID: 1806505198396964}
  m_Enabled: 1
  serializedVersion: 3
  m_RenderMode: 2
  m_Camera: {fileID: 0}
  m_PlaneDistance: 1
  m_PixelPerfect: 0
  m_ReceivesEvents: 1
  m_OverrideSorting: 0
  m_OverridePixelPerfect: 0
  m_SortingBucketNormalizedSize: 0
  m_AdditionalShaderChannelsFlag: 0
  m_SortingLayerID: 0
  m_SortingOrder: 0
  m_TargetDisplay: 0
--- !u!224 &224054263174097930
RectTransform:
  m_ObjectHideFlags: 1
  m_PrefabParentObject: {fileID: 0}
  m_PrefabInternal: {fileID: 100100000}
  m_GameObject: {fileID: 1185703135604666}
  m_LocalRotation: {x: 0, y: 0, z: 0, w: 1}
  m_LocalPosition: {x: 0, y: 0, z: 0}
  m_LocalScale: {x: 1, y: 1, z: 1}
  m_Children: []
  m_Father: {fileID: 224160508854453810}
  m_RootOrder: 0
  m_LocalEulerAnglesHint: {x: 0, y: 0, z: 0}
  m_AnchorMin: {x: 0.5, y: 0.5}
  m_AnchorMax: {x: 0.5, y: 0.5}
  m_AnchoredPosition: {x: 0, y: 0}
  m_SizeDelta: {x: 2, y: 2}
  m_Pivot: {x: 0.5, y: 0.5}
--- !u!224 &224160508854453810
RectTransform:
  m_ObjectHideFlags: 1
  m_PrefabParentObject: {fileID: 0}
  m_PrefabInternal: {fileID: 100100000}
  m_GameObject: {fileID: 1806505198396964}
  m_LocalRotation: {x: -0, y: -0, z: -0, w: 1}
  m_LocalPosition: {x: 0, y: 0, z: 0}
  m_LocalScale: {x: 4, y: 4, z: 4}
  m_Children:
  - {fileID: 224054263174097930}
  - {fileID: 224966602152125094}
  m_Father: {fileID: 4513363804837906}
  m_RootOrder: 8
  m_LocalEulerAnglesHint: {x: 0, y: 0, z: 0}
  m_AnchorMin: {x: 0.5, y: 0.5}
  m_AnchorMax: {x: 0.5, y: 0.5}
  m_AnchoredPosition: {x: 0, y: 20}
  m_SizeDelta: {x: 5, y: 5}
  m_Pivot: {x: 0.5, y: 0.5}
--- !u!224 &224966602152125094
RectTransform:
  m_ObjectHideFlags: 1
  m_PrefabParentObject: {fileID: 0}
  m_PrefabInternal: {fileID: 100100000}
  m_GameObject: {fileID: 1840304112154304}
  m_LocalRotation: {x: -0, y: -0, z: -0, w: 1}
  m_LocalPosition: {x: 0, y: 0, z: 0}
  m_LocalScale: {x: 1, y: 1, z: 1}
  m_Children: []
  m_Father: {fileID: 224160508854453810}
  m_RootOrder: 1
  m_LocalEulerAnglesHint: {x: 0, y: 0, z: 0}
  m_AnchorMin: {x: 0.5, y: 0.5}
  m_AnchorMax: {x: 0.5, y: 0.5}
  m_AnchoredPosition: {x: 0, y: 0}
  m_SizeDelta: {x: 2, y: 2}
  m_Pivot: {x: 0.5, y: 0.5}
